<?xml version="1.0" encoding="UTF-8"?>
<!DOCTYPE html PUBLIC "-//W3C//DTD XHTML 1.0 Transitional//EN"
    "http://www.w3.org/TR/xhtml1/DTD/xhtml1-transitional.dtd">
<html xmlns="http://www.w3.org/1999/xhtml" xml:lang="en" lang="en">
 <head>
  <title>
</title>
<meta http-equiv="Content-Type" content="text/html;charset=utf-8" />
  <meta name='ocr-system' content='tesseract 3.04.00' />
  <meta name='ocr-capabilities' content='ocr_page ocr_carea ocr_par ocr_line ocrx_word'/>
</head>
<body>
  <div class='ocr_page' id='page_1' title='image "./ernfridcarrosen01rosegoog_0253.png"; bbox 0 0 2711 4758; ppageno 0'>
   <div class='ocr_carea' id='block_1_1' title="bbox 723 177 2407 318">
    <p class='ocr_par' dir='ltr' id='par_1_1' title="bbox 723 177 2407 318">
     <span class='ocr_line' id='line_1_1' title="bbox 723 177 2407 318; baseline -0.018 -20"><span class='ocrx_word' id='word_1_1' title='bbox 723 228 1096 312; x_wconf 48' lang='lat' dir='ltr'><strong>,gerones</strong></span> <span class='ocrx_word' id='word_1_2' title='bbox 1171 185 1725 318; x_wconf 40' lang='lat' dir='ltr'><strong>“c&#39;apsstsssss-ah</strong></span> <span class='ocrx_word' id='word_1_3' title='bbox 1798 238 1851 284; x_wconf 76' lang='grc'><strong>·.</strong></span> <span class='ocrx_word' id='word_1_4' title='bbox 1924 177 1928 182; x_wconf 80' lang='lat'><em>-</em></span> <span class='ocrx_word' id='word_1_5' title='bbox 2230 224 2407 298; x_wconf 47' lang='lat'><strong>1994</strong></span> 
     </span>
    </p>
   </div>
   <div class='ocr_carea' id='block_1_2' title="bbox 77 379 2425 660">
    <p class='ocr_par' dir='ltr' id='par_1_2' title="bbox 77 379 2425 660">
     <span class='ocr_line' id='line_1_2' title="bbox 77 379 2377 489; baseline -0.001 -17"><span class='ocrx_word' id='word_1_6' title='bbox 77 458 81 462; x_wconf 83' lang='lat'><em>.</em></span> <span class='ocrx_word' id='word_1_7' title='bbox 156 415 266 474; x_wconf 67' lang='lat' dir='ltr'><strong>ein-</strong></span> <span class='ocrx_word' id='word_1_8' title='bbox 294 406 687 489; x_wconf 52' lang='lat' dir='ltr'><strong>Ksnffgsbon</strong></span> <span class='ocrx_word' id='word_1_9' title='bbox 715 407 1186 477; x_wconf 52' lang='lat' dir='ltr'><strong>deumne</strong></span> <span class='ocrx_word' id='word_1_10' title='bbox 1222 407 1618 488; x_wconf 61' lang='lat' dir='ltr'><strong>herr-sehet),</strong></span> <span class='ocrx_word' id='word_1_11' title='bbox 1666 410 2147 488; x_wconf 65' lang='lat' dir='ltr'><strong>quemadmodum</strong></span> <span class='ocrx_word' id='word_1_12' title='bbox 2176 379 2377 472; x_wconf 68' lang='lat' dir='ltr'><strong>eadent</strong></span> 
     </span>
     <span class='ocr_line' id='line_1_3' title="bbox 155 495 2425 574; baseline -0 -20"><span class='ocrx_word' id='word_1_13' title='bbox 155 499 431 574; x_wconf 69' lang='lat' dir='ltr'><strong>loquundi</strong></span> <span class='ocrx_word' id='word_1_14' title='bbox 458 496 711 555; x_wconf 80' lang='lat' dir='ltr'><strong>formula</strong></span> <span class='ocrx_word' id='word_1_15' title='bbox 741 514 887 555; x_wconf 76' lang='lat' dir='ltr'><strong>usus</strong></span> <span class='ocrx_word' id='word_1_16' title='bbox 938 495 1530 567; x_wconf 54' lang='lat' dir='ltr'><strong>chrammus-22,</strong></span> <span class='ocrx_word' id='word_1_17' title='bbox 1574 495 1671 554; x_wconf 85' lang='lat'><strong>15.</strong></span> <span class='ocrx_word' id='word_1_18' title='bbox 1718 495 2095 570; x_wconf 58' lang='lat' dir='ltr'><strong>Admodum,</strong></span> <span class='ocrx_word' id='word_1_19' title='bbox 2154 500 2371 573; x_wconf 82' lang='lat' dir='ltr'><strong>inquit,</strong></span> <span class='ocrx_word' id='word_1_20' title='bbox 2416 559 2425 568; x_wconf 26' lang='grc' dir='ltr'><em>ὖ</em></span> 
     </span>
     <span class='ocr_line' id='line_1_4' title="bbox 151 578 2367 660; baseline 0.001 -22"><span class='ocrx_word' id='word_1_21' title='bbox 151 582 477 660; x_wconf 50' lang='lat' dir='ltr'><strong>cenwines·</strong></span> <span class='ocrx_word' id='word_1_22' title='bbox 510 578 961 657; x_wconf 69' lang='lat' dir='ltr'><strong>hocce-pascha</strong></span> <span class='ocrx_word' id='word_1_23' title='bbox 1010 581 1310 640; x_wconf 79' lang='lat' dir='ltr'><strong>comedere</strong></span> <span class='ocrx_word' id='word_1_24' title='bbox 1342 579 1644 638; x_wconf 77' lang='lat' dir='ltr'><strong>vobiscum</strong></span> <span class='ocrx_word' id='word_1_25' title='bbox 1683 580 1800 660; x_wconf 79' lang='grc' dir='ltr'><strong>πρὸ</strong></span> <span class='ocrx_word' id='word_1_26' title='bbox 1844 581 1956 641; x_wconf 83' lang='grc' dir='ltr'><strong>τοῦ</strong></span> <span class='ocrx_word' id='word_1_27' title='bbox 1996 603 2072 660; x_wconf 78' lang='grc' dir='ltr'><strong>με</strong></span> <span class='ocrx_word' id='word_1_28' title='bbox 2108 582 2367 647; x_wconf 66' lang='grc' dir='ltr'><strong>παθεῖν.</strong></span> 
     </span>
    </p>
   </div>
   <div class='ocr_carea' id='block_1_3' title="bbox 35 655 2379 745">
    <p class='ocr_par' dir='ltr' id='par_1_3' title="bbox 35 655 2379 745">
     <span class='ocr_line' id='line_1_5' title="bbox 35 655 2379 745; baseline 0 -23"><span class='ocrx_word' id='word_1_29' title='bbox 35 696 46 700; x_wconf 62' lang='lat'>&gt;</span> <span class='ocrx_word' id='word_1_30' title='bbox 137 667 512 745; x_wconf 62' lang='lat' dir='ltr'><strong>priusquam</strong></span> <span class='ocrx_word' id='word_1_31' title='bbox 539 666 760 743; x_wconf 80' lang='lat' dir='ltr'><strong>patiar</strong></span> <span class='ocrx_word' id='word_1_32' title='bbox 806 655 1059 744; x_wconf 63' lang='lat' dir='ltr'><strong>(videt</strong></span> <span class='ocrx_word' id='word_1_33' title='bbox 1103 665 1228 723; x_wconf 79' lang='lat' dir='ltr'><strong>Joa.</strong></span> <span class='ocrx_word' id='word_1_34' title='bbox 1267 667 1367 737; x_wconf 85' lang='lat'><strong>13,</strong></span> <span class='ocrx_word' id='word_1_35' title='bbox 1411 667 1505 722; x_wconf 78' lang='lat'><strong>19.</strong></span> <span class='ocrx_word' id='word_1_36' title='bbox 1543 666 1670 723; x_wconf 85' lang='lat' dir='ltr'><strong>Act.</strong></span> <span class='ocrx_word' id='word_1_37' title='bbox 1704 670 1808 740; x_wconf 83' lang='lat'><strong>23,</strong></span> <span class='ocrx_word' id='word_1_38' title='bbox 1857 661 2016 743; x_wconf 85' lang='lat'><strong>15.);</strong></span> <span class='ocrx_word' id='word_1_39' title='bbox 2078 666 2230 724; x_wconf 86' lang='lat' dir='ltr'><strong>nihil</strong></span> <span class='ocrx_word' id='word_1_40' title='bbox 2257 666 2379 724; x_wconf 62' lang='lat' dir='ltr'><strong>ba-²</strong></span> 
     </span>
    </p>
   </div>
   <div class='ocr_carea' id='block_1_4' title="bbox 67 746 2389 4381">
    <p class='ocr_par' dir='ltr' id='par_1_4' title="bbox 67 746 2389 4381">
     <span class='ocr_line' id='line_1_6' title="bbox 150 746 2383 827; baseline 0 -20"><span class='ocrx_word' id='word_1_41' title='bbox 150 751 294 807; x_wconf 85' lang='lat' dir='ltr'><strong>bere</strong></span> <span class='ocrx_word' id='word_1_42' title='bbox 333 746 476 807; x_wconf 78' lang='lat' dir='ltr'><strong>haec</strong></span> <span class='ocrx_word' id='word_1_43' title='bbox 516 750 722 822; x_wconf 77' lang='lat' dir='ltr'><strong>verba,</strong></span> <span class='ocrx_word' id='word_1_44' title='bbox 775 750 934 826; x_wconf 81' lang='lat' dir='ltr'><strong>quod</strong></span> <span class='ocrx_word' id='word_1_45' title='bbox 962 749 1165 808; x_wconf 85' lang='lat' dir='ltr'><strong>Mosen</strong></span> <span class='ocrx_word' id='word_1_46' title='bbox 1205 750 1279 807; x_wconf 77' lang='lat' dir='ltr'><strong>ab</strong></span> <span class='ocrx_word' id='word_1_47' title='bbox 1310 769 1511 807; x_wconf 82' lang='lat' dir='ltr'><strong>eorum</strong></span> <span class='ocrx_word' id='word_1_48' title='bbox 1534 752 1849 827; x_wconf 75' lang='lat' dir='ltr'><strong>scriptione</strong></span> <span class='ocrx_word' id='word_1_49' title='bbox 1890 753 2176 810; x_wconf 83' lang='lat' dir='ltr'><strong>excludat.</strong></span> <span class='ocrx_word' id='word_1_50' title='bbox 2257 753 2383 808; x_wconf 83' lang='lat' dir='ltr'>A1-.</span> 
     </span>
     <span class='ocr_line' id='line_1_7' title="bbox 67 833 2369 915; baseline 0.001 -24"><span class='ocrx_word' id='word_1_51' title='bbox 67 903 68 908; x_wconf 7' lang='grc' dir='ltr'>ἵ</span> <span class='ocrx_word' id='word_1_52' title='bbox 146 845 344 891; x_wconf 78' lang='lat' dir='ltr'><strong>terum</strong></span> <span class='ocrx_word' id='word_1_53' title='bbox 371 835 524 910; x_wconf 83' lang='lat' dir='ltr'><strong>quod</strong></span> <span class='ocrx_word' id='word_1_54' title='bbox 549 836 793 906; x_wconf 82' lang='lat' dir='ltr'><strong>attinet,</strong></span> <span class='ocrx_word' id='word_1_55' title='bbox 837 836 1175 912; x_wconf 81' lang='lat' dir='ltr'><strong>quo-minus</strong></span> <span class='ocrx_word' id='word_1_56' title='bbox 1206 833 1355 892; x_wconf 86' lang='lat' dir='ltr'><strong>hanc</strong></span> <span class='ocrx_word' id='word_1_57' title='bbox 1394 833 1681 914; x_wconf 78' lang='grc' dir='ltr'><strong><em>περιοχὴν</em></strong></span> <span class='ocrx_word' id='word_1_58' title='bbox 1707 856 1743 893; x_wconf 87' lang='lat' dir='ltr'><strong>a</strong></span> <span class='ocrx_word' id='word_1_59' title='bbox 1771 835 1930 894; x_wconf 87' lang='lat' dir='ltr'><strong>Mose</strong></span> <span class='ocrx_word' id='word_1_60' title='bbox 1958 839 2369 915; x_wconf 71' lang='lat' dir='ltr'><strong>consignatam</strong></span> 
     </span>
     <span class='ocr_line' id='line_1_8' title="bbox 146 917 2361 998; baseline 0 -21"><span class='ocrx_word' id='word_1_61' title='bbox 146 936 323 995; x_wconf 81' lang='lat' dir='ltr'><strong>posse</strong></span> <span class='ocrx_word' id='word_1_62' title='bbox 358 919 655 991; x_wconf 79' lang='lat' dir='ltr'><strong>judicant,</strong></span> <span class='ocrx_word' id='word_1_63' title='bbox 704 919 859 996; x_wconf 86' lang='lat' dir='ltr'><strong>quod</strong></span> <span class='ocrx_word' id='word_1_64' title='bbox 907 921 1084 975; x_wconf 87' lang='lat' dir='ltr'><strong>series</strong></span> <span class='ocrx_word' id='word_1_65' title='bbox 1116 917 1323 975; x_wconf 86' lang='lat' dir='ltr'><strong>ducum</strong></span> <span class='ocrx_word' id='word_1_66' title='bbox 1355 939 1671 998; x_wconf 82' lang='lat' dir='ltr'><strong>regumque</strong></span> <span class='ocrx_word' id='word_1_67' title='bbox 1708 922 2108 980; x_wconf 81' lang='lat' dir='ltr'><strong>Idumaeorum</strong></span> <span class='ocrx_word' id='word_1_68' title='bbox 2135 920 2232 977; x_wconf 86' lang='lat' dir='ltr'><strong>hic</strong></span> <span class='ocrx_word' id='word_1_69' title='bbox 2259 921 2361 978; x_wconf 86' lang='lat' dir='ltr'><strong>dc-</strong></span> 
     </span>
     <span class='ocr_line' id='line_1_9' title="bbox 143 1004 2361 1084; baseline 0.002 -26"><span class='ocrx_word' id='word_1_70' title='bbox 143 1004 399 1077; x_wconf 84' lang='lat' dir='ltr'><strong>scripta,</strong></span> <span class='ocrx_word' id='word_1_71' title='bbox 454 1004 637 1060; x_wconf 87' lang='lat' dir='ltr'><strong>multo</strong></span> <span class='ocrx_word' id='word_1_72' title='bbox 667 1005 748 1060; x_wconf 88' lang='lat' dir='ltr'><strong>sit</strong></span> <span class='ocrx_word' id='word_1_73' title='bbox 783 1005 1067 1077; x_wconf 84' lang='lat' dir='ltr'><strong>amplior,</strong></span> <span class='ocrx_word' id='word_1_74' title='bbox 1110 1021 1284 1080; x_wconf 84' lang='lat' dir='ltr'><strong>quam</strong></span> <span class='ocrx_word' id='word_1_75' title='bbox 1315 1005 1470 1078; x_wconf 85' lang='lat' dir='ltr'><strong>quod</strong></span> <span class='ocrx_word' id='word_1_76' title='bbox 1498 1006 1657 1063; x_wconf 89' lang='lat' dir='ltr'><strong>intra</strong></span> <span class='ocrx_word' id='word_1_77' title='bbox 1680 1013 1995 1084; x_wconf 84' lang='lat' dir='ltr'><strong>angustum</strong></span> <span class='ocrx_word' id='word_1_78' title='bbox 2021 1006 2145 1062; x_wconf 82' lang='lat'><strong>238</strong></span> <span class='ocrx_word' id='word_1_79' title='bbox 2173 1022 2361 1062; x_wconf 85' lang='lat' dir='ltr'><strong>anno-</strong></span> 
     </span>
     <span class='ocr_line' id='line_1_10' title="bbox 144 1088 2365 1167; baseline 0 -23"><span class='ocrx_word' id='word_1_80' title='bbox 144 1105 281 1144; x_wconf 79' lang='lat' dir='ltr'><strong>mm</strong></span> <span class='ocrx_word' id='word_1_81' title='bbox 307 1089 560 1162; x_wconf 77' lang='lat' dir='ltr'><strong>spatium</strong></span> <span class='ocrx_word' id='word_1_82' title='bbox 608 1097 699 1145; x_wconf 86' lang='lat' dir='ltr'><strong>tot</strong></span> <span class='ocrx_word' id='word_1_83' title='bbox 730 1088 902 1145; x_wconf 87' lang='lat' dir='ltr'><strong>duces</strong></span> <span class='ocrx_word' id='word_1_84' title='bbox 935 1097 993 1144; x_wconf 89' lang='lat' dir='ltr'><strong>et</strong></span> <span class='ocrx_word' id='word_1_85' title='bbox 1033 1105 1239 1167; x_wconf 70' lang='lat' dir='ltr'><strong>reges,</strong></span> <span class='ocrx_word' id='word_1_86' title='bbox 1295 1097 1469 1164; x_wconf 70' lang='lat' dir='ltr'><strong>atque</strong></span> <span class='ocrx_word' id='word_1_87' title='bbox 1502 1100 1637 1164; x_wconf 87' lang='lat' dir='ltr'><strong>post</strong></span> <span class='ocrx_word' id='word_1_88' title='bbox 1664 1110 1763 1147; x_wconf 87' lang='lat' dir='ltr'><strong>eos</strong></span> <span class='ocrx_word' id='word_1_89' title='bbox 1792 1092 2005 1161; x_wconf 73' lang='lat' dir='ltr'><strong>iterum</strong></span> <span class='ocrx_word' id='word_1_90' title='bbox 2048 1088 2221 1156; x_wconf 82' lang='lat' dir='ltr'><strong>duces</strong></span> <span class='ocrx_word' id='word_1_91' title='bbox 2250 1088 2365 1144; x_wconf 86' lang='lat' dir='ltr'><strong>sibi</strong></span> 
     </span>
     <span class='ocr_line' id='line_1_11' title="bbox 147 1169 2362 1250; baseline -0 -23"><span class='ocrx_word' id='word_1_92' title='bbox 147 1172 399 1230; x_wconf 75' lang='lat' dir='ltr'><strong>invicem</strong></span> <span class='ocrx_word' id='word_1_93' title='bbox 451 1171 755 1228; x_wconf 85' lang='lat' dir='ltr'><strong>succedere</strong></span> <span class='ocrx_word' id='word_1_94' title='bbox 779 1197 782 1202; x_wconf 95' lang='lat'>·</span> <span class='ocrx_word' id='word_1_95' title='bbox 806 1173 1140 1247; x_wconf 78' lang='lat' dir='ltr'><strong>potuerint3</strong></span> <span class='ocrx_word' id='word_1_96' title='bbox 1201 1170 1504 1230; x_wconf 71' lang='lat' dir='ltr'><strong>Michaelis</strong></span> <span class='ocrx_word' id='word_1_97' title='bbox 1547 1175 1856 1250; x_wconf 79' lang='lat' dir='ltr'><strong>respondet</strong></span> <span class='ocrx_word' id='word_1_98' title='bbox 1897 1169 2184 1248; x_wconf 75' lang='lat' dir='ltr'><strong>primum,</strong></span> <span class='ocrx_word' id='word_1_99' title='bbox 2226 1173 2362 1228; x_wconf 79' lang='lat' dir='ltr'><strong>sine</strong></span> 
     </span>
     <span class='ocr_line' id='line_1_12' title="bbox 144 1255 2364 1337; baseline -0.002 -24"><span class='ocrx_word' id='word_1_100' title='bbox 144 1255 376 1313; x_wconf 88' lang='lat' dir='ltr'><strong>ratione</strong></span> <span class='ocrx_word' id='word_1_101' title='bbox 398 1255 609 1312; x_wconf 84' lang='lat' dir='ltr'><strong>idonea</strong></span> <span class='ocrx_word' id='word_1_102' title='bbox 638 1259 822 1328; x_wconf 86' lang='lat' dir='ltr'><strong>sumi,</strong></span> <span class='ocrx_word' id='word_1_103' title='bbox 861 1256 1016 1332; x_wconf 85' lang='lat' dir='ltr'><strong>apud</strong></span> <span class='ocrx_word' id='word_1_104' title='bbox 1046 1265 1275 1337; x_wconf 78' lang='lat' dir='ltr'>gentem</span> <span class='ocrx_word' id='word_1_105' title='bbox 1303 1255 1708 1320; x_wconf 84' lang='lat' dir='ltr'><strong>Idumaeorum</strong></span> <span class='ocrx_word' id='word_1_106' title='bbox 1739 1269 1857 1316; x_wconf 82' lang='lat' dir='ltr'><strong>tres</strong></span> <span class='ocrx_word' id='word_1_107' title='bbox 1885 1258 2099 1312; x_wconf 86' lang='lat' dir='ltr'><strong>mutati</strong></span> <span class='ocrx_word' id='word_1_108' title='bbox 2123 1255 2364 1333; x_wconf 83' lang='lat' dir='ltr'><strong>regimi-</strong></span> 
     </span>
     <span class='ocr_line' id='line_1_13' title="bbox 144 1338 2383 1420; baseline -0.001 -24"><span class='ocrx_word' id='word_1_109' title='bbox 144 1340 245 1420; x_wconf 77' lang='lat' dir='ltr'><strong>nis</strong></span> <span class='ocrx_word' id='word_1_110' title='bbox 273 1338 484 1398; x_wconf 71' lang='lat' dir='ltr'><strong>formas</strong></span> <span class='ocrx_word' id='word_1_111' title='bbox 516 1358 642 1406; x_wconf 85' lang='lat' dir='ltr'><strong>sese</strong></span> <span class='ocrx_word' id='word_1_112' title='bbox 688 1342 936 1400; x_wconf 79' lang='lat' dir='ltr'><strong>invicem</strong></span> <span class='ocrx_word' id='word_1_113' title='bbox 972 1343 1300 1416; x_wconf 74' lang='lat' dir='ltr'><strong>excepisse,</strong></span> <span class='ocrx_word' id='word_1_114' title='bbox 1354 1351 1530 1418; x_wconf 84' lang='lat' dir='ltr'><strong>atque</strong></span> <span class='ocrx_word' id='word_1_115' title='bbox 1562 1342 1735 1401; x_wconf 81' lang='lat' dir='ltr'><strong>duces</strong></span> <span class='ocrx_word' id='word_1_116' title='bbox 1761 1344 1929 1409; x_wconf 86' lang='lat' dir='ltr'><strong>illos,</strong></span> <span class='ocrx_word' id='word_1_117' title='bbox 1975 1350 2096 1398; x_wconf 83' lang='lat' dir='ltr'><strong>tam</strong></span> <span class='ocrx_word' id='word_1_118' title='bbox 2124 1341 2228 1415; x_wconf 82' lang='lat' dir='ltr'><strong>qui</strong></span> <span class='ocrx_word' id='word_1_119' title='bbox 2269 1357 2383 1410; x_wconf 67' lang='lat' dir='ltr'><strong>re-⁸</strong></span> 
     </span>
     <span class='ocr_line' id='line_1_14' title="bbox 144 1423 2363 1503; baseline -0.001 -24"><span class='ocrx_word' id='word_1_120' title='bbox 144 1442 252 1503; x_wconf 83' lang='lat' dir='ltr'><strong>ges</strong></span> <span class='ocrx_word' id='word_1_121' title='bbox 293 1423 593 1494; x_wconf 76' lang='lat' dir='ltr'><strong>Idumaeos</strong></span> <span class='ocrx_word' id='word_1_122' title='bbox 628 1433 1104 1499; x_wconf 62' lang='lat' dir='ltr'><strong>antecesserunt5&#39;</strong></span> <span class='ocrx_word' id='word_1_123' title='bbox 1145 1443 1327 1501; x_wconf 82' lang='lat' dir='ltr'><strong>quam.</strong></span> <span class='ocrx_word' id='word_1_124' title='bbox 1347 1429 1454 1502; x_wconf 88' lang='lat' dir='ltr'><strong>qui</strong></span> <span class='ocrx_word' id='word_1_125' title='bbox 1494 1430 1731 1502; x_wconf 57' lang='lat' dir='ltr'><strong>sequuti</strong></span> <span class='ocrx_word' id='word_1_126' title='bbox 1765 1435 1904 1483; x_wconf 87' lang='lat' dir='ltr'><strong>sunt</strong></span> <span class='ocrx_word' id='word_1_127' title='bbox 1941 1425 2112 1494; x_wconf 82' lang='lat' dir='ltr'><strong>illos,</strong></span> <span class='ocrx_word' id='word_1_128' title='bbox 2162 1441 2231 1479; x_wconf 92' lang='lat' dir='ltr'><strong>eo</strong></span> <span class='ocrx_word' id='word_1_129' title='bbox 2264 1439 2363 1478; x_wconf 89' lang='lat' dir='ltr'><strong>or-</strong></span> 
     </span>
     <span class='ocr_line' id='line_1_15' title="bbox 145 1499 2366 1586; baseline -0 -20"><span class='ocrx_word' id='word_1_130' title='bbox 145 1510 315 1580; x_wconf 75' lang='lat' dir='ltr'><strong>dine,</strong></span> <span class='ocrx_word' id='word_1_131' title='bbox 359 1528 473 1584; x_wconf 79' lang='lat' dir='ltr'><strong>quo</strong></span> <span class='ocrx_word' id='word_1_132' title='bbox 502 1521 875 1580; x_wconf 72' lang='lat' dir='ltr'><strong>enumeratur</strong></span> <span class='ocrx_word' id='word_1_133' title='bbox 905 1527 940 1565; x_wconf 88' lang='lat' dir='ltr'><strong>a</strong></span> <span class='ocrx_word' id='word_1_134' title='bbox 970 1504 1166 1582; x_wconf 75' lang='lat' dir='ltr'><strong>Mose&#39;,</strong></span> <span class='ocrx_word' id='word_1_135' title='bbox 1209 1513 1358 1566; x_wconf 85' lang='lat' dir='ltr'><strong>alios</strong></span> <span class='ocrx_word' id='word_1_136' title='bbox 1390 1512 1526 1567; x_wconf 86' lang='lat' dir='ltr'><strong>aliis</strong></span> <span class='ocrx_word' id='word_1_137' title='bbox 1558 1513 1916 1580; x_wconf 71' lang='lat' dir='ltr'><strong>successisse.</strong></span> <span class='ocrx_word' id='word_1_138' title='bbox 1977 1507 2068 1565; x_wconf 91' lang='lat' dir='ltr'><strong>De</strong></span> <span class='ocrx_word' id='word_1_139' title='bbox 2101 1499 2366 1586; x_wconf 58' lang='lat' dir='ltr'><strong>=*}?a}b3</strong></span> 
     </span>
     <span class='ocr_line' id='line_1_16' title="bbox 145 1581 2365 1670; baseline -0.002 -18"><span class='ocrx_word' id='word_1_140' title='bbox 145 1594 367 1658; x_wconf 78' lang='lat' dir='ltr'><strong>dictum</strong></span> <span class='ocrx_word' id='word_1_141' title='bbox 413 1603 506 1650; x_wconf 84' lang='lat' dir='ltr'><strong>est</strong></span> <span class='ocrx_word' id='word_1_142' title='bbox 548 1593 626 1664; x_wconf 82' lang='lat' dir='ltr'><strong>ad</strong></span> <span class='ocrx_word' id='word_1_143' title='bbox 670 1593 767 1660; x_wconf 75' lang='lat' dir='ltr'><strong>Ys.</strong></span> <span class='ocrx_word' id='word_1_144' title='bbox 803 1594 901 1650; x_wconf 83' lang='grc'><strong>15.</strong></span> <span class='ocrx_word' id='word_1_145' title='bbox 925 1659 930 1664; x_wconf 31' lang='grc'>,</span> <span class='ocrx_word' id='word_1_146' title='bbox 957 1593 1381 1666; x_wconf 53' lang='grc' dir='ltr'><strong>ἸΠοιωιιοημ</strong></span> <span class='ocrx_word' id='word_1_147' title='bbox 1406 1591 1766 1670; x_wconf 82' lang='lat' dir='ltr'><strong>Phylarchos</strong></span> <span class='ocrx_word' id='word_1_148' title='bbox 1808 1589 1925 1650; x_wconf 86' lang='lat' dir='ltr'><strong>una</strong></span> <span class='ocrx_word' id='word_1_149' title='bbox 1973 1611 2105 1650; x_wconf 86' lang='lat' dir='ltr'><strong>cum</strong></span> <span class='ocrx_word' id='word_1_150' title='bbox 2126 1581 2365 1669; x_wconf 79' lang='lat' dir='ltr'><strong>regibus</strong></span> 
     </span>
     <span class='ocr_line' id='line_1_17' title="bbox 140 1673 2365 1754; baseline -0.003 -20"><span class='ocrx_word' id='word_1_151' title='bbox 140 1678 547 1746; x_wconf 81' lang='lat' dir='ltr'><strong>Idumaeorum</strong></span> <span class='ocrx_word' id='word_1_152' title='bbox 586 1680 788 1744; x_wconf 79' lang='lat' dir='ltr'><strong>eodem</strong></span> <span class='ocrx_word' id='word_1_153' title='bbox 826 1688 1083 1753; x_wconf 83' lang='lat' dir='ltr'><strong>tempore</strong></span> <span class='ocrx_word' id='word_1_154' title='bbox 1120 1677 1302 1734; x_wconf 87' lang='lat' dir='ltr'><strong>Mosis</strong></span> <span class='ocrx_word' id='word_1_155' title='bbox 1334 1687 1523 1735; x_wconf 87' lang='lat' dir='ltr'><strong>aetate</strong></span> <span class='ocrx_word' id='word_1_156' title='bbox 1555 1681 1882 1748; x_wconf 72' lang='lat' dir='ltr'><strong>exstitisse,</strong></span> <span class='ocrx_word' id='word_1_157' title='bbox 1934 1685 2097 1754; x_wconf 78' lang='lat' dir='ltr'><strong>patet</strong></span> <span class='ocrx_word' id='word_1_158' title='bbox 2140 1695 2173 1730; x_wconf 91' lang='lat' dir='ltr'><strong>e</strong></span> <span class='ocrx_word' id='word_1_159' title='bbox 2214 1673 2365 1730; x_wconf 75' lang='lat' dir='ltr'><strong>locis</strong></span> 
     </span>
     <span class='ocr_line' id='line_1_18' title="bbox 140 1758 2362 1832; baseline -0.003 -15"><span class='ocrx_word' id='word_1_160' title='bbox 140 1760 316 1832; x_wconf 73' lang='lat' dir='ltr'><strong>Num.</strong></span> <span class='ocrx_word' id='word_1_161' title='bbox 359 1763 464 1832; x_wconf 82' lang='lat'><strong>20,</strong></span> <span class='ocrx_word' id='word_1_162' title='bbox 514 1763 611 1819; x_wconf 85' lang='grc'><strong>14.</strong></span> <span class='ocrx_word' id='word_1_163' title='bbox 668 1762 783 1819; x_wconf 83' lang='lat' dir='ltr'><strong>Ex.</strong></span> <span class='ocrx_word' id='word_1_164' title='bbox 818 1760 919 1831; x_wconf 86' lang='lat'><strong>15,</strong></span> <span class='ocrx_word' id='word_1_165' title='bbox 967 1761 1070 1819; x_wconf 82' lang='grc'><strong>15.</strong></span> <span class='ocrx_word' id='word_1_166' title='bbox 1105 1763 1352 1820; x_wconf 82' lang='lat' dir='ltr'><strong>invicem</strong></span> <span class='ocrx_word' id='word_1_167' title='bbox 1383 1763 1632 1819; x_wconf 83' lang='lat' dir='ltr'><strong>collatis.</strong></span> <span class='ocrx_word' id='word_1_168' title='bbox 1712 1763 1909 1820; x_wconf 87' lang='lat' dir='ltr'><strong>Priori</strong></span> <span class='ocrx_word' id='word_1_169' title='bbox 1939 1763 2095 1818; x_wconf 88' lang='lat' dir='ltr'><strong>enim</strong></span> <span class='ocrx_word' id='word_1_170' title='bbox 2127 1758 2362 1828; x_wconf 86' lang='lat' dir='ltr'><strong>dicitur,</strong></span> 
     </span>
     <span class='ocr_line' id='line_1_19' title="bbox 142 1843 2383 1921; baseline -0.004 -18"><span class='ocrx_word' id='word_1_171' title='bbox 142 1847 375 1903; x_wconf 84' lang='lat' dir='ltr'><strong>misisse</strong></span> <span class='ocrx_word' id='word_1_172' title='bbox 401 1843 603 1902; x_wconf 81' lang='lat' dir='ltr'><strong>Mosen</strong></span> <span class='ocrx_word' id='word_1_173' title='bbox 636 1865 667 1901; x_wconf 92' lang='lat' dir='ltr'><strong>e</strong></span> <span class='ocrx_word' id='word_1_174' title='bbox 698 1844 953 1912; x_wconf 80' lang='lat' dir='ltr'><strong>Cadesch</strong></span> <span class='ocrx_word' id='word_1_175' title='bbox 984 1847 1221 1901; x_wconf 87' lang='lat' dir='ltr'><strong>nuntios</strong></span> <span class='ocrx_word' id='word_1_176' title='bbox 1250 1848 1324 1903; x_wconf 88' lang='lat' dir='ltr'><strong>ad</strong></span> <span class='ocrx_word' id='word_1_177' title='bbox 1343 1857 1551 1921; x_wconf 79' lang='lat' dir='ltr'><strong>&#39;regem</strong></span> <span class='ocrx_word' id='word_1_178' title='bbox 1580 1846 2014 1917; x_wconf 82' lang='lat' dir='ltr'><strong>Idumaeorum,</strong></span> <span class='ocrx_word' id='word_1_179' title='bbox 2054 1843 2168 1900; x_wconf 85' lang='lat' dir='ltr'><strong>boc</strong></span> <span class='ocrx_word' id='word_1_180' title='bbox 2196 1857 2383 1910; x_wconf 81' lang='lat' dir='ltr'><strong>vero,-·</strong></span> 
     </span>
     <span class='ocr_line' id='line_1_20' title="bbox 143 1925 2360 2006; baseline -0.003 -20"><span class='ocrx_word' id='word_1_181' title='bbox 143 1938 582 1987; x_wconf 86' lang='lat' dir='ltr'><strong>consternatum</strong></span> <span class='ocrx_word' id='word_1_182' title='bbox 630 1931 708 2000; x_wconf 78' lang='lat' dir='ltr'><strong>iri</strong></span> <span class='ocrx_word' id='word_1_183' title='bbox 755 1929 933 1994; x_wconf 75' lang='lat' dir='ltr'><strong>duces</strong></span> <span class='ocrx_word' id='word_1_184' title='bbox 976 1929 1451 2002; x_wconf 85' lang='lat' dir='ltr'><strong>Idumaeorum-,-</strong></span> <span class='ocrx_word' id='word_1_185' title='bbox 1491 1948 1690 2006; x_wconf 83' lang='lat' dir='ltr'><strong>nempe</strong></span> <span class='ocrx_word' id='word_1_186' title='bbox 1730 1950 1860 1987; x_wconf 90' lang='lat' dir='ltr'><strong>cum</strong></span> <span class='ocrx_word' id='word_1_187' title='bbox 1903 1932 2024 1986; x_wconf 84' lang='lat' dir='ltr'><strong>suis</strong></span> <span class='ocrx_word' id='word_1_188' title='bbox 2069 1925 2360 1995; x_wconf 84' lang='lat' dir='ltr'><strong>tribubus,</strong></span> 
     </span>
     <span class='ocr_line' id='line_1_21' title="bbox 141 2008 2361 2091; baseline -0.003 -21"><span class='ocrx_word' id='word_1_189' title='bbox 141 2015 358 2091; x_wconf 87' lang='lat' dir='ltr'><strong>quibus</strong></span> <span class='ocrx_word' id='word_1_190' title='bbox 387 2013 476 2068; x_wconf 84' lang='lat' dir='ltr'><strong>illi</strong></span> <span class='ocrx_word' id='word_1_191' title='bbox 516 2010 821 2090; x_wconf 81' lang='lat' dir='ltr'><strong>phylarchi</strong></span> <span class='ocrx_word' id='word_1_192' title='bbox 845 2023 1176 2088; x_wconf 74' lang='lat' dir='ltr'><strong>praeerant.</strong></span> <span class='ocrx_word' id='word_1_193' title='bbox 1260 2014 1571 2071; x_wconf 86' lang='lat' dir='ltr'><strong>Praeterea</strong></span> <span class='ocrx_word' id='word_1_194' title='bbox 1606 2015 1681 2072; x_wconf 86' lang='lat' dir='ltr'><strong>ad</strong></span> <span class='ocrx_word' id='word_1_195' title='bbox 1706 2025 1862 2072; x_wconf 86' lang='lat' dir='ltr'><strong>recte</strong></span> <span class='ocrx_word' id='word_1_196' title='bbox 1891 2013 2257 2072; x_wconf 86' lang='lat' dir='ltr'><strong>formandum</strong></span> <span class='ocrx_word' id='word_1_197' title='bbox 2290 2008 2361 2064; x_wconf 83' lang='lat' dir='ltr'><strong>de</strong></span> 
     </span>
     <span class='ocr_line' id='line_1_22' title="bbox 139 2089 2357 2177; baseline -0.002 -23"><span class='ocrx_word' id='word_1_198' title='bbox 139 2089 257 2155; x_wconf 88' lang='lat' dir='ltr'><strong>hoc</strong></span> <span class='ocrx_word' id='word_1_199' title='bbox 284 2097 926 2177; x_wconf 70' lang='lat' dir='ltr'><strong>regumldumaeorum</strong></span> <span class='ocrx_word' id='word_1_200' title='bbox 957 2099 1226 2177; x_wconf 85' lang='lat' dir='ltr'><strong>catalogo</strong></span> <span class='ocrx_word' id='word_1_201' title='bbox 1252 2100 1538 2172; x_wconf 84' lang='lat' dir='ltr'><strong>judicium</strong></span> <span class='ocrx_word' id='word_1_202' title='bbox 1582 2096 1738 2158; x_wconf 87' lang='lat' dir='ltr'><strong>haud</strong></span> <span class='ocrx_word' id='word_1_203' title='bbox 1767 2119 1971 2176; x_wconf 87' lang='lat' dir='ltr'><strong>parum</strong></span> <span class='ocrx_word' id='word_1_204' title='bbox 1991 2097 2222 2173; x_wconf 79' lang='lat' dir='ltr'><strong>juvabit</strong></span> <span class='ocrx_word' id='word_1_205' title='bbox 2253 2092 2357 2150; x_wconf 88' lang='lat' dir='ltr'><strong>ob·-</strong></span> 
     </span>
     <span class='ocr_line' id='line_1_23' title="bbox 139 2181 2361 2258; baseline -0.002 -20"><span class='ocrx_word' id='word_1_206' title='bbox 139 2201 397 2254; x_wconf 79' lang='lat' dir='ltr'><strong>servare,</strong></span> <span class='ocrx_word' id='word_1_207' title='bbox 440 2183 574 2239; x_wconf 89' lang='lat' dir='ltr'><strong>illos</strong></span> <span class='ocrx_word' id='word_1_208' title='bbox 602 2202 723 2239; x_wconf 86' lang='lat' dir='ltr'><strong>nou</strong></span> <span class='ocrx_word' id='word_1_209' title='bbox 749 2183 863 2239; x_wconf 86' lang='lat' dir='ltr'><strong>sibi</strong></span> <span class='ocrx_word' id='word_1_210' title='bbox 894 2185 1234 2239; x_wconf 83' lang='lat' dir='ltr'><strong>successisse</strong></span> <span class='ocrx_word' id='word_1_211' title='bbox 1266 2203 1369 2258; x_wconf 86' lang='lat' dir='ltr'><strong>per</strong></span> <span class='ocrx_word' id='word_1_212' title='bbox 1396 2183 1658 2241; x_wconf 86' lang='lat' dir='ltr'><strong>ordinem</strong></span> <span class='ocrx_word' id='word_1_213' title='bbox 1687 2186 2070 2242; x_wconf 85' lang='lat' dir='ltr'><strong>successionis</strong></span> <span class='ocrx_word' id='word_1_214' title='bbox 2100 2181 2361 2237; x_wconf 85' lang='lat' dir='ltr'><strong>filiorum</strong></span> 
     </span>
     <span class='ocr_line' id='line_1_24' title="bbox 143 2264 2381 2342; baseline -0.003 -18"><span class='ocrx_word' id='word_1_215' title='bbox 143 2270 207 2324; x_wconf 84' lang='lat' dir='ltr'><strong>in</strong></span> <span class='ocrx_word' id='word_1_216' title='bbox 236 2277 465 2342; x_wconf 86' lang='lat' dir='ltr'><strong>patrum</strong></span> <span class='ocrx_word' id='word_1_217' title='bbox 503 2269 730 2340; x_wconf 89' lang='lat' dir='ltr'><strong>locum,</strong></span> <span class='ocrx_word' id='word_1_218' title='bbox 793 2266 1012 2334; x_wconf 59' lang='lat' dir='ltr'><strong>utfere</strong></span> <span class='ocrx_word' id='word_1_219' title='bbox 1042 2267 1192 2341; x_wconf 86' lang='lat' dir='ltr'><strong>apud</strong></span> <span class='ocrx_word' id='word_1_220' title='bbox 1220 2267 1469 2324; x_wconf 84' lang='lat' dir='ltr'><strong>Judaeos</strong></span> <span class='ocrx_word' id='word_1_221' title='bbox 1502 2278 1562 2324; x_wconf 89' lang='lat' dir='ltr'><strong>et</strong></span> <span class='ocrx_word' id='word_1_222' title='bbox 1601 2268 1933 2341; x_wconf 83' lang='lat' dir='ltr'><strong>Israelitas,</strong></span> <span class='ocrx_word' id='word_1_223' title='bbox 1977 2268 2078 2336; x_wconf 85' lang='lat' dir='ltr'><strong>scd</strong></span> <span class='ocrx_word' id='word_1_224' title='bbox 2118 2265 2210 2322; x_wconf 85' lang='lat' dir='ltr'><strong>vel</strong></span> <span class='ocrx_word' id='word_1_225' title='bbox 2240 2264 2381 2330; x_wconf 48' lang='lat' dir='ltr'><strong>ele-‚</strong></span> 
     </span>
     <span class='ocr_line' id='line_1_25' title="bbox 143 2345 2354 2434; baseline -0.004 -24"><span class='ocrx_word' id='word_1_226' title='bbox 143 2355 375 2423; x_wconf 87' lang='lat' dir='ltr'><strong>ctione,</strong></span> <span class='ocrx_word' id='word_1_227' title='bbox 430 2353 523 2409; x_wconf 78' lang='lat' dir='ltr'><strong>vel</strong></span> <span class='ocrx_word' id='word_1_228' title='bbox 567 2355 664 2431; x_wconf 79' lang='lat' dir='ltr'><strong>vi,</strong></span> <span class='ocrx_word' id='word_1_229' title='bbox 718 2361 785 2409; x_wconf 88' lang='lat' dir='ltr'><strong>ut</strong></span> <span class='ocrx_word' id='word_1_230' title='bbox 829 2345 1069 2429; x_wconf 87' lang='lat' dir='ltr'><strong>quisque</strong></span> <span class='ocrx_word' id='word_1_231' title='bbox 1112 2370 1392 2428; x_wconf 85' lang='lat' dir='ltr'><strong>occupare</strong></span> <span class='ocrx_word' id='word_1_232' title='bbox 1440 2360 1499 2408; x_wconf 85' lang='lat' dir='ltr'><strong>et</strong></span> <span class='ocrx_word' id='word_1_233' title='bbox 1539 2353 1810 2410; x_wconf 87' lang='lat' dir='ltr'><strong>invadere</strong></span> <span class='ocrx_word' id='word_1_234' title='bbox 1850 2372 2098 2434; x_wconf 83' lang='lat' dir='ltr'><strong>regnum</strong></span> <span class='ocrx_word' id='word_1_235' title='bbox 2143 2348 2354 2425; x_wconf 88' lang='lat' dir='ltr'><strong>potuit.</strong></span> 
     </span>
     <span class='ocr_line' id='line_1_26' title="bbox 139 2434 2358 2518; baseline -0.004 -23"><span class='ocrx_word' id='word_1_236' title='bbox 139 2436 352 2495; x_wconf 87' lang='lat' dir='ltr'><strong>Nullus</strong></span> <span class='ocrx_word' id='word_1_237' title='bbox 388 2439 543 2492; x_wconf 83' lang='lat' dir='ltr'><strong>enim·</strong></span> <span class='ocrx_word' id='word_1_238' title='bbox 574 2440 729 2495; x_wconf 84' lang='lat' dir='ltr'><strong>inter</strong></span> <span class='ocrx_word' id='word_1_239' title='bbox 765 2446 895 2493; x_wconf 87' lang='lat' dir='ltr'><strong>octo</strong></span> <span class='ocrx_word' id='word_1_240' title='bbox 917 2477 935 2507; x_wconf 92' lang='lat'><strong>,</strong></span> <span class='ocrx_word' id='word_1_241' title='bbox 988 2438 1088 2512; x_wconf 89' lang='lat' dir='ltr'><strong>qui</strong></span> <span class='ocrx_word' id='word_1_242' title='bbox 1118 2434 1215 2491; x_wconf 88' lang='lat' dir='ltr'><strong>hic</strong></span> <span class='ocrx_word' id='word_1_243' title='bbox 1245 2446 1621 2495; x_wconf 81' lang='lat' dir='ltr'><strong>recensentur</strong></span> <span class='ocrx_word' id='word_1_244' title='bbox 1641 2478 1665 2511; x_wconf 89' lang='lat'><strong>,</strong></span> <span class='ocrx_word' id='word_1_245' title='bbox 1694 2458 1861 2518; x_wconf 84' lang='lat' dir='ltr'><strong>reges</strong></span> <span class='ocrx_word' id='word_1_246' title='bbox 1891 2434 2358 2515; x_wconf 83' lang='lat' dir='ltr'><strong>deprehenditur,</strong></span> 
     </span>
     <span class='ocr_line' id='line_1_27' title="bbox 143 2520 2357 2601; baseline -0.002 -24"><span class='ocrx_word' id='word_1_247' title='bbox 143 2523 246 2598; x_wconf 84' lang='lat' dir='ltr'><strong>qui</strong></span> <span class='ocrx_word' id='word_1_248' title='bbox 276 2520 460 2577; x_wconf 85' lang='lat' dir='ltr'><strong>filium</strong></span> <span class='ocrx_word' id='word_1_249' title='bbox 488 2520 757 2577; x_wconf 83' lang='lat' dir='ltr'><strong>habuerit</strong></span> <span class='ocrx_word' id='word_1_250' title='bbox 785 2523 845 2575; x_wconf 92' lang='lat' dir='ltr'><strong>in</strong></span> <span class='ocrx_word' id='word_1_251' title='bbox 868 2539 1051 2601; x_wconf 79' lang='lat' dir='ltr'><strong>regno</strong></span> <span class='ocrx_word' id='word_1_252' title='bbox 1084 2538 1491 2592; x_wconf 85' lang='lat' dir='ltr'><strong>successorem,</strong></span> <span class='ocrx_word' id='word_1_253' title='bbox 1533 2521 1633 2578; x_wconf 83' lang='lat' dir='ltr'><strong>sed</strong></span> <span class='ocrx_word' id='word_1_254' title='bbox 1663 2540 1858 2579; x_wconf 88' lang='lat' dir='ltr'><strong>omnes</strong></span> <span class='ocrx_word' id='word_1_255' title='bbox 1891 2542 1958 2579; x_wconf 87' lang='lat' dir='ltr'><strong>ac</strong></span> <span class='ocrx_word' id='word_1_256' title='bbox 1987 2520 2244 2600; x_wconf 78' lang='lat' dir='ltr'><strong>singuli,</strong></span> <span class='ocrx_word' id='word_1_257' title='bbox 2287 2523 2357 2570; x_wconf 86' lang='lat' dir='ltr'><strong>ut</strong></span> 
     </span>
     <span class='ocr_line' id='line_1_28' title="bbox 145 2604 2355 2686; baseline -0.003 -24"><span class='ocrx_word' id='word_1_258' title='bbox 145 2607 331 2662; x_wconf 85' lang='lat' dir='ltr'><strong>natali</strong></span> <span class='ocrx_word' id='word_1_259' title='bbox 361 2606 520 2679; x_wconf 87' lang='lat' dir='ltr'><strong>solo,</strong></span> <span class='ocrx_word' id='word_1_260' title='bbox 571 2609 655 2661; x_wconf 89' lang='lat' dir='ltr'><strong>sic</strong></span> <span class='ocrx_word' id='word_1_261' title='bbox 698 2604 919 2660; x_wconf 85' lang='lat' dir='ltr'><strong>familia</strong></span> <span class='ocrx_word' id='word_1_262' title='bbox 960 2613 1127 2660; x_wconf 88' lang='lat' dir='ltr'><strong>erant</strong></span> <span class='ocrx_word' id='word_1_263' title='bbox 1167 2604 1401 2660; x_wconf 81' lang='lat' dir='ltr'><strong>diversi.</strong></span> <span class='ocrx_word' id='word_1_264' title='bbox 1468 2604 1667 2681; x_wconf 73' lang='lat' dir='ltr'><strong>Neque</strong></span> <span class='ocrx_word' id='word_1_265' title='bbox 1703 2610 2041 2686; x_wconf 81' lang='lat' dir='ltr'><strong>peregrinos</strong></span> <span class='ocrx_word' id='word_1_266' title='bbox 2084 2623 2118 2659; x_wconf 88' lang='lat' dir='ltr'><strong>a</strong></span> <span class='ocrx_word' id='word_1_267' title='bbox 2150 2618 2355 2663; x_wconf 83' lang='lat' dir='ltr'><strong>consc-</strong></span> 
     </span>
     <span class='ocr_line' id='line_1_29' title="bbox 141 2687 2381 2771; baseline -0.003 -26"><span class='ocrx_word' id='word_1_268' title='bbox 141 2690 373 2766; x_wconf 81' lang='lat' dir='ltr'><strong>queudo</strong></span> <span class='ocrx_word' id='word_1_269' title='bbox 409 2691 468 2745; x_wconf 87' lang='lat' dir='ltr'><strong>in</strong></span> <span class='ocrx_word' id='word_1_270' title='bbox 494 2699 724 2771; x_wconf 85' lang='lat' dir='ltr'><strong>gentem</strong></span> <span class='ocrx_word' id='word_1_271' title='bbox 756 2707 918 2745; x_wconf 88' lang='lat' dir='ltr'><strong>suam</strong></span> <span class='ocrx_word' id='word_1_272' title='bbox 956 2690 1196 2764; x_wconf 83' lang='lat' dir='ltr'><strong>imperio</strong></span> <span class='ocrx_word' id='word_1_273' title='bbox 1235 2687 1533 2745; x_wconf 86' lang='lat' dir='ltr'><strong>Idumaeos</strong></span> <span class='ocrx_word' id='word_1_274' title='bbox 1563 2692 1907 2761; x_wconf 83' lang='lat' dir='ltr'><strong>exclusisse,</strong></span> <span class='ocrx_word' id='word_1_275' title='bbox 1948 2689 2249 2767; x_wconf 84' lang='lat' dir='ltr'><strong>colligitur</strong></span> <span class='ocrx_word' id='word_1_276' title='bbox 2280 2700 2381 2739; x_wconf 53' lang='lat' dir='ltr'><strong>ex*</strong></span> 
     </span>
     <span class='ocr_line' id='line_1_30' title="bbox 141 2773 2352 2855; baseline -0.004 -25"><span class='ocrx_word' id='word_1_277' title='bbox 141 2775 386 2830; x_wconf 79' lang='lat' dir='ltr'><strong>urbibus</strong></span> <span class='ocrx_word' id='word_1_278' title='bbox 419 2785 495 2830; x_wconf 65' lang='lat' dir='ltr'><strong>&#39;ac</strong></span> <span class='ocrx_word' id='word_1_279' title='bbox 521 2773 858 2855; x_wconf 85' lang='lat' dir='ltr'><strong>regionibus</strong></span> <span class='ocrx_word' id='word_1_280' title='bbox 898 2777 960 2832; x_wconf 90' lang='lat' dir='ltr'><strong>in</strong></span> <span class='ocrx_word' id='word_1_281' title='bbox 990 2774 1188 2830; x_wconf 86' lang='lat' dir='ltr'><strong>tabula</strong></span> <span class='ocrx_word' id='word_1_282' title='bbox 1216 2774 1454 2849; x_wconf 83' lang='lat' dir='ltr'><strong>illorum</strong></span> <span class='ocrx_word' id='word_1_283' title='bbox 1480 2792 1683 2852; x_wconf 86' lang='lat' dir='ltr'><strong>regum</strong></span> <span class='ocrx_word' id='word_1_284' title='bbox 1716 2773 2206 2842; x_wconf 69' lang='lat' dir='ltr'><strong>conunemoratisg</strong></span> <span class='ocrx_word' id='word_1_285' title='bbox 2264 2778 2352 2823; x_wconf 91' lang='lat' dir='ltr'><strong>et·-</strong></span> 
     </span>
     <span class='ocr_line' id='line_1_31' title="bbox 141 2853 2355 2938; baseline -0.005 -23"><span class='ocrx_word' id='word_1_286' title='bbox 141 2861 300 2915; x_wconf 87' lang='lat' dir='ltr'><strong>enim</strong></span> <span class='ocrx_word' id='word_1_287' title='bbox 332 2877 450 2916; x_wconf 89' lang='lat' dir='ltr'><strong>non</strong></span> <span class='ocrx_word' id='word_1_288' title='bbox 482 2862 677 2938; x_wconf 83' lang='lat' dir='ltr'><strong>regias</strong></span> <span class='ocrx_word' id='word_1_289' title='bbox 718 2876 848 2937; x_wconf 77' lang='lat' dir='ltr'><strong>eas,</strong></span> <span class='ocrx_word' id='word_1_290' title='bbox 899 2859 998 2915; x_wconf 88' lang='lat' dir='ltr'><strong>sed</strong></span> <span class='ocrx_word' id='word_1_291' title='bbox 1030 2858 1251 2914; x_wconf 82' lang='lat' dir='ltr'><strong>natales</strong></span> <span class='ocrx_word' id='word_1_292' title='bbox 1288 2876 1355 2913; x_wconf 88' lang='lat' dir='ltr'><strong>ac</strong></span> <span class='ocrx_word' id='word_1_293' title='bbox 1389 2860 1609 2933; x_wconf 86' lang='lat' dir='ltr'><strong>patrias</strong></span> <span class='ocrx_word' id='word_1_294' title='bbox 1638 2857 1851 2931; x_wconf 86' lang='lat' dir='ltr'><strong>fuisse,</strong></span> <span class='ocrx_word' id='word_1_295' title='bbox 1903 2879 1970 2915; x_wconf 88' lang='lat' dir='ltr'><strong>co</strong></span> <span class='ocrx_word' id='word_1_296' title='bbox 1998 2865 2087 2914; x_wconf 88' lang='lat' dir='ltr'><strong>est</strong></span> <span class='ocrx_word' id='word_1_297' title='bbox 2116 2853 2355 2920; x_wconf 86' lang='lat' dir='ltr'><strong>certius,</strong></span> 
     </span>
     <span class='ocr_line' id='line_1_32' title="bbox 74 2937 2352 3021; baseline -0.004 -22"><span class='ocrx_word' id='word_1_298' title='bbox 74 2995 78 2999; x_wconf 79' lang='lat'><strong>.</strong></span> <span class='ocrx_word' id='word_1_299' title='bbox 141 2960 258 3020; x_wconf 85' lang='lat' dir='ltr'><strong>quo</strong></span> <span class='ocrx_word' id='word_1_300' title='bbox 299 2942 699 3002; x_wconf 83' lang='lat' dir='ltr'><strong>incredibilius</strong></span> <span class='ocrx_word' id='word_1_301' title='bbox 730 2952 850 3015; x_wconf 88' lang='lat' dir='ltr'><strong>est,</strong></span> <span class='ocrx_word' id='word_1_302' title='bbox 890 2951 1020 3000; x_wconf 79' lang='lat' dir='ltr'><strong>octo</strong></span> <span class='ocrx_word' id='word_1_303' title='bbox 1059 2960 1225 3021; x_wconf 83' lang='lat' dir='ltr'><strong>reges</strong></span> <span class='ocrx_word' id='word_1_304' title='bbox 1256 2943 1371 2998; x_wconf 89' lang='lat' dir='ltr'><strong>sibi</strong></span> <span class='ocrx_word' id='word_1_305' title='bbox 1400 2945 1646 2999; x_wconf 82' lang='lat' dir='ltr'><strong>invicem</strong></span> <span class='ocrx_word' id='word_1_306' title='bbox 1673 2947 1953 3000; x_wconf 87' lang='lat' dir='ltr'><strong>continuo</strong></span> <span class='ocrx_word' id='word_1_307' title='bbox 1983 2937 2352 2998; x_wconf 84' lang='lat' dir='ltr'><strong>succedentes</strong></span> 
     </span>
     <span class='ocr_line' id='line_1_33' title="bbox 141 3026 2350 3108; baseline -0.005 -23"><span class='ocrx_word' id='word_1_308' title='bbox 141 3043 342 3085; x_wconf 82' lang='lat' dir='ltr'><strong>omnes</strong></span> <span class='ocrx_word' id='word_1_309' title='bbox 368 3047 435 3085; x_wconf 87' lang='lat' dir='ltr'><strong>ac</strong></span> <span class='ocrx_word' id='word_1_310' title='bbox 462 3029 728 3106; x_wconf 83' lang='lat' dir='ltr'><strong>singulos</strong></span> <span class='ocrx_word' id='word_1_311' title='bbox 760 3030 1013 3084; x_wconf 81' lang='lat' dir='ltr'><strong>voluisse</strong></span> <span class='ocrx_word' id='word_1_312' title='bbox 1034 3042 1214 3084; x_wconf 78' lang='lat' dir='ltr'><strong>novas</strong></span> <span class='ocrx_word' id='word_1_313' title='bbox 1248 3031 1417 3105; x_wconf 84' lang='lat' dir='ltr'><strong>regni</strong></span> <span class='ocrx_word' id='word_1_314' title='bbox 1446 3026 1605 3084; x_wconf 83' lang='lat' dir='ltr'><strong>sedes</strong></span> <span class='ocrx_word' id='word_1_315' title='bbox 1639 3030 1871 3108; x_wconf 79' lang='lat' dir='ltr'><strong>eligere.</strong></span> <span class='ocrx_word' id='word_1_316' title='bbox 1938 3027 2127 3085; x_wconf 86' lang='lat' dir='ltr'><strong>Erant</strong></span> <span class='ocrx_word' id='word_1_317' title='bbox 2158 3030 2350 3078; x_wconf 86' lang='lat' dir='ltr'><strong>autem</strong></span> 
     </span>
     <span class='ocr_line' id='line_1_34' title="bbox 140 3105 2348 3192; baseline -0.005 -23"><span class='ocrx_word' id='word_1_318' title='bbox 140 3114 364 3188; x_wconf 83' lang='lat' dir='ltr'><strong>patriae</strong></span> <span class='ocrx_word' id='word_1_319' title='bbox 391 3110 598 3169; x_wconf 90' lang='lat' dir='ltr'><strong>horum</strong></span> <span class='ocrx_word' id='word_1_320' title='bbox 638 3129 842 3192; x_wconf 81' lang='lat' dir='ltr'><strong>regum</strong></span> <span class='ocrx_word' id='word_1_321' title='bbox 870 3113 1037 3168; x_wconf 88' lang='lat' dir='ltr'><strong>urbes</strong></span> <span class='ocrx_word' id='word_1_322' title='bbox 1064 3114 1274 3186; x_wconf 86' lang='lat' dir='ltr'><strong>partim</strong></span> <span class='ocrx_word' id='word_1_323' title='bbox 1307 3115 1517 3172; x_wconf 87' lang='lat' dir='ltr'><strong>incerti</strong></span> <span class='ocrx_word' id='word_1_324' title='bbox 1544 3115 1724 3185; x_wconf 87' lang='lat' dir='ltr'><strong>situs,</strong></span> <span class='ocrx_word' id='word_1_325' title='bbox 1764 3115 1981 3190; x_wconf 80' lang='lat' dir='ltr'><strong>partim</strong></span> <span class='ocrx_word' id='word_1_326' title='bbox 2010 3124 2149 3166; x_wconf 77' lang='lat' dir='ltr'><strong>vero</strong></span> <span class='ocrx_word' id='word_1_327' title='bbox 2186 3105 2348 3161; x_wconf 85' lang='lat' dir='ltr'><strong>certi.</strong></span> 
     </span>
     <span class='ocr_line' id='line_1_35' title="bbox 141 3184 2348 3297; baseline -0.005 -42"><span class='ocrx_word' id='word_1_328' title='bbox 141 3196 291 3255; x_wconf 74' lang='lat' dir='ltr'><strong>Nam</strong></span> <span class='ocrx_word' id='word_1_329' title='bbox 319 3196 386 3254; x_wconf 91' lang='lat' dir='ltr'><strong>de</strong></span> <span class='ocrx_word' id='word_1_330' title='bbox 414 3195 687 3253; x_wconf 88' lang='lat' dir='ltr'><strong>Dinhaba</strong></span> <span class='ocrx_word' id='word_1_331' title='bbox 726 3191 862 3297; x_wconf 56' lang='lat' dir='ltr'><strong>§Vs</strong></span> <span class='ocrx_word' id='word_1_332' title='bbox 893 3191 1057 3275; x_wconf 69' lang='lat'><strong>32),</strong></span> <span class='ocrx_word' id='word_1_333' title='bbox 1094 3196 1304 3254; x_wconf 82' lang='lat' dir='ltr'><strong>Avitha</strong></span> <span class='ocrx_word' id='word_1_334' title='bbox 1344 3195 1483 3277; x_wconf 83' lang='lat' dir='ltr'><strong>(Vs.</strong></span> <span class='ocrx_word' id='word_1_335' title='bbox 1509 3194 1637 3276; x_wconf 88' lang='lat'>35.)</span> <span class='ocrx_word' id='word_1_336' title='bbox 1657 3241 1676 3271; x_wconf 91' lang='lat'><strong>,</strong></span> <span class='ocrx_word' id='word_1_337' title='bbox 1722 3197 1981 3256; x_wconf 72' lang='lat' dir='ltr'><strong>Masi-cca</strong></span> <span class='ocrx_word' id='word_1_338' title='bbox 2021 3190 2161 3273; x_wconf 82' lang='lat' dir='ltr'><strong>(Vs.</strong></span> <span class='ocrx_word' id='word_1_339' title='bbox 2198 3184 2348 3266; x_wconf 84' lang='lat'><strong>36.),</strong></span> 
     </span>
     <span class='ocr_line' id='line_1_36' title="bbox 139 3274 2347 3361; baseline -0.003 -23"><span class='ocrx_word' id='word_1_340' title='bbox 139 3280 304 3338; x_wconf 86' lang='lat' dir='ltr'><strong>Pahu</strong></span> <span class='ocrx_word' id='word_1_341' title='bbox 348 3279 486 3360; x_wconf 88' lang='lat' dir='ltr'><strong>(Vs.</strong></span> <span class='ocrx_word' id='word_1_342' title='bbox 518 3274 680 3356; x_wconf 85' lang='lat'><strong>39.)‚</strong></span> <span class='ocrx_word' id='word_1_343' title='bbox 731 3299 1101 3357; x_wconf 74' lang='lat' dir='ltr'><strong>ignoramus,</strong></span> <span class='ocrx_word' id='word_1_344' title='bbox 1137 3300 1274 3337; x_wconf 89' lang='lat' dir='ltr'><strong>num</strong></span> <span class='ocrx_word' id='word_1_345' title='bbox 1307 3285 1484 3361; x_wconf 87' lang='lat' dir='ltr'><strong>intra,</strong></span> <span class='ocrx_word' id='word_1_346' title='bbox 1523 3301 1597 3337; x_wconf 90' lang='lat' dir='ltr'><strong>an</strong></span> <span class='ocrx_word' id='word_1_347' title='bbox 1629 3293 1796 3341; x_wconf 84' lang='lat' dir='ltr'><strong>extra</strong></span> <span class='ocrx_word' id='word_1_348' title='bbox 1822 3282 2145 3339; x_wconf 83' lang='lat' dir='ltr'><strong>Idumaeam</strong></span> <span class='ocrx_word' id='word_1_349' title='bbox 2174 3293 2347 3352; x_wconf 84' lang='lat' dir='ltr'><strong>quae·—</strong></span> 
     </span>
     <span class='ocr_line' id='line_1_37' title="bbox 139 3361 2369 3446; baseline -0.004 -24"><span class='ocrx_word' id='word_1_350' title='bbox 139 3367 353 3423; x_wconf 84' lang='lat' dir='ltr'><strong>rendae</strong></span> <span class='ocrx_word' id='word_1_351' title='bbox 401 3368 551 3439; x_wconf 82' lang='lat' dir='ltr'><strong>sint3</strong></span> <span class='ocrx_word' id='word_1_352' title='bbox 626 3363 1099 3422; x_wconf 82' lang='lat' dir='ltr'><strong>Themanitarum</strong></span> <span class='ocrx_word' id='word_1_353' title='bbox 1143 3377 1349 3422; x_wconf 85' lang='lat' dir='ltr'><strong>contra</strong></span> <span class='ocrx_word' id='word_1_354' title='bbox 1392 3369 1557 3446; x_wconf 83' lang='lat' dir='ltr'><strong>regio</strong></span> <span class='ocrx_word' id='word_1_355' title='bbox 1614 3364 1753 3445; x_wconf 81' lang='lat' dir='ltr'><strong>(vs.</strong></span> <span class='ocrx_word' id='word_1_356' title='bbox 1788 3361 1917 3443; x_wconf 81' lang='grc'><strong>31.)</strong></span> <span class='ocrx_word' id='word_1_357' title='bbox 1970 3364 2084 3420; x_wconf 84' lang='lat' dir='ltr'><strong>fuit</strong></span> <span class='ocrx_word' id='word_1_358' title='bbox 2124 3371 2369 3419; x_wconf 59' lang='lat' dir='ltr'><strong>tractus*</strong></span> 
     </span>
     <span class='ocr_line' id='line_1_38' title="bbox 136 3445 2367 3524; baseline -0.004 -17"><span class='ocrx_word' id='word_1_359' title='bbox 136 3450 476 3522; x_wconf 82' lang='lat' dir='ltr'><strong>Idumaeae,</strong></span> <span class='ocrx_word' id='word_1_360' title='bbox 534 3452 696 3522; x_wconf 76' lang='lat' dir='ltr'><strong>cnjus</strong></span> <span class='ocrx_word' id='word_1_361' title='bbox 727 3451 1067 3524; x_wconf 79' lang='lat' dir='ltr'><strong>metropolis</strong></span> <span class='ocrx_word' id='word_1_362' title='bbox 1112 3461 1237 3507; x_wconf 78' lang='lat' dir='ltr'><strong>erat</strong></span> <span class='ocrx_word' id='word_1_363' title='bbox 1275 3451 1499 3520; x_wconf 86' lang='lat' dir='ltr'><strong>Bozra,</strong></span> <span class='ocrx_word' id='word_1_364' title='bbox 1551 3453 1681 3508; x_wconf 89' lang='lat' dir='ltr'><strong>coll.</strong></span> <span class='ocrx_word' id='word_1_365' title='bbox 1723 3451 1836 3508; x_wconf 84' lang='lat' dir='ltr'><strong>Jer.</strong></span> <span class='ocrx_word' id='word_1_366' title='bbox 1869 3453 1972 3524; x_wconf 78' lang='lat'><strong>49,</strong></span> <span class='ocrx_word' id='word_1_367' title='bbox 2000 3452 2057 3504; x_wconf 84' lang='lat'><strong>7.</strong></span> <span class='ocrx_word' id='word_1_368' title='bbox 2083 3449 2184 3503; x_wconf 77' lang='lat'><strong>26.</strong></span> <span class='ocrx_word' id='word_1_369' title='bbox 2229 3445 2367 3502; x_wconf 82' lang='lat' dir='ltr'><strong>les.-</strong></span> 
     </span>
     <span class='ocr_line' id='line_1_39' title="bbox 139 3532 2347 3613; baseline -0.003 -22"><span class='ocrx_word' id='word_1_370' title='bbox 139 3534 247 3606; x_wconf 82' lang='lat'><strong>63,</strong></span> <span class='ocrx_word' id='word_1_371' title='bbox 279 3538 307 3591; x_wconf 87' lang='lat'><em>1</em></span> <span class='ocrx_word' id='word_1_372' title='bbox 333 3553 354 3609; x_wconf 70' lang='grc' dir='ltr'><strong>ς</strong></span> <span class='ocrx_word' id='word_1_373' title='bbox 398 3556 465 3591; x_wconf 91' lang='lat' dir='ltr'><strong>ac</strong></span> <span class='ocrx_word' id='word_1_374' title='bbox 489 3532 895 3606; x_wconf 85' lang='lat' dir='ltr'><strong>Rechobotha,</strong></span> <span class='ocrx_word' id='word_1_375' title='bbox 941 3533 1338 3592; x_wconf 72' lang='lat' dir='ltr'><strong>idumaeorum</strong></span> <span class='ocrx_word' id='word_1_376' title='bbox 1369 3555 1573 3613; x_wconf 81' lang='lat' dir='ltr'><strong>regum</strong></span> <span class='ocrx_word' id='word_1_377' title='bbox 1614 3537 1918 3610; x_wconf 88' lang='lat' dir='ltr'><strong>penultimi</strong></span> <span class='ocrx_word' id='word_1_378' title='bbox 1944 3534 2083 3592; x_wconf 84' lang='lat' dir='ltr'><strong>urbs</strong></span> <span class='ocrx_word' id='word_1_379' title='bbox 2111 3532 2347 3597; x_wconf 82' lang='lat' dir='ltr'><strong>natalis,</strong></span> 
     </span>
     <span class='ocr_line' id='line_1_40' title="bbox 139 3612 2343 3697; baseline -0.003 -22"><span class='ocrx_word' id='word_1_380' title='bbox 139 3620 214 3675; x_wconf 74' lang='lat' dir='ltr'><strong>ad</strong></span> <span class='ocrx_word' id='word_1_381' title='bbox 258 3619 610 3696; x_wconf 84' lang='lat' dir='ltr'><strong>Euphratem</strong></span> <span class='ocrx_word' id='word_1_382' title='bbox 663 3618 803 3697; x_wconf 84' lang='lat' dir='ltr'><strong>(Vs.</strong></span> <span class='ocrx_word' id='word_1_383' title='bbox 844 3612 975 3695; x_wconf 86' lang='lat'><strong>37.)</strong></span> <span class='ocrx_word' id='word_1_384' title='bbox 1029 3629 1196 3676; x_wconf 85' lang='lat' dir='ltr'><strong>extra</strong></span> <span class='ocrx_word' id='word_1_385' title='bbox 1225 3619 1549 3676; x_wconf 83' lang='lat' dir='ltr'><strong>Idumaeam</strong></span> <span class='ocrx_word' id='word_1_386' title='bbox 1589 3623 1791 3697; x_wconf 87' lang='lat' dir='ltr'><strong>procul</strong></span> <span class='ocrx_word' id='word_1_387' title='bbox 1833 3621 2007 3677; x_wconf 89' lang='lat' dir='ltr'><strong>dubio</strong></span> <span class='ocrx_word' id='word_1_388' title='bbox 2049 3620 2165 3674; x_wconf 86' lang='lat' dir='ltr'><strong>sita</strong></span> <span class='ocrx_word' id='word_1_389' title='bbox 2208 3615 2343 3671; x_wconf 78' lang='lat' dir='ltr'><strong>fuit.</strong></span> 
     </span>
     <span class='ocr_line' id='line_1_41' title="bbox 139 3702 2342 3783; baseline -0.002 -22"><span class='ocrx_word' id='word_1_390' title='bbox 139 3704 283 3761; x_wconf 75' lang='lat' dir='ltr'><strong>lude</strong></span> <span class='ocrx_word' id='word_1_391' title='bbox 315 3716 501 3761; x_wconf 83' lang='lat' dir='ltr'><strong>autem</strong></span> <span class='ocrx_word' id='word_1_392' title='bbox 520 3745 539 3773; x_wconf 94' lang='lat'><strong>,</strong></span> <span class='ocrx_word' id='word_1_393' title='bbox 581 3704 733 3781; x_wconf 87' lang='lat' dir='ltr'><strong>quod</strong></span> <span class='ocrx_word' id='word_1_394' title='bbox 770 3724 1018 3783; x_wconf 81' lang='lat' dir='ltr'><strong>regnum</strong></span> <span class='ocrx_word' id='word_1_395' title='bbox 1045 3703 1443 3760; x_wconf 86' lang='lat' dir='ltr'><strong>Idumaeorum</strong></span> <span class='ocrx_word' id='word_1_396' title='bbox 1470 3703 1566 3762; x_wconf 86' lang='lat' dir='ltr'><strong>hic</strong></span> <span class='ocrx_word' id='word_1_397' title='bbox 1595 3707 1944 3781; x_wconf 84' lang='lat' dir='ltr'><strong>descriptum</strong></span> <span class='ocrx_word' id='word_1_398' title='bbox 1969 3714 2026 3760; x_wconf 89' lang='lat' dir='ltr'><strong>et</strong></span> <span class='ocrx_word' id='word_1_399' title='bbox 2059 3702 2342 3776; x_wconf 81' lang='lat' dir='ltr'><strong>alienige-</strong></span> 
     </span>
     <span class='ocr_line' id='line_1_42' title="bbox 99 3781 2344 3869; baseline -0.002 -24"><span class='ocrx_word' id='word_1_400' title='bbox 99 3856 104 3861; x_wconf 23' lang='lat'><strong>,</strong></span> <span class='ocrx_word' id='word_1_401' title='bbox 139 3806 248 3845; x_wconf 80' lang='lat' dir='ltr'><strong>nas</strong></span> <span class='ocrx_word' id='word_1_402' title='bbox 280 3789 548 3862; x_wconf 74' lang='lat' dir='ltr'><strong>admisit,</strong></span> <span class='ocrx_word' id='word_1_403' title='bbox 606 3790 666 3845; x_wconf 77' lang='lat' dir='ltr'><strong>et</strong></span> <span class='ocrx_word' id='word_1_404' title='bbox 697 3782 814 3845; x_wconf 85' lang='lat' dir='ltr'><strong>tale</strong></span> <span class='ocrx_word' id='word_1_405' title='bbox 855 3789 1005 3863; x_wconf 83' lang='lat' dir='ltr'><strong>fuit,</strong></span> <span class='ocrx_word' id='word_1_406' title='bbox 1047 3792 1109 3845; x_wconf 87' lang='lat' dir='ltr'><strong>in</strong></span> <span class='ocrx_word' id='word_1_407' title='bbox 1151 3806 1268 3863; x_wconf 90' lang='lat' dir='ltr'><strong>quo</strong></span> <span class='ocrx_word' id='word_1_408' title='bbox 1291 3808 1459 3867; x_wconf 80' lang='lat' dir='ltr'><strong>reges</strong></span> <span class='ocrx_word' id='word_1_409' title='bbox 1495 3808 1613 3869; x_wconf 37' lang='lat' dir='ltr'><strong>n‘on</strong></span> <span class='ocrx_word' id='word_1_410' title='bbox 1647 3790 2034 3847; x_wconf 84' lang='lat' dir='ltr'><strong>haereditario</strong></span> <span class='ocrx_word' id='word_1_411' title='bbox 2057 3789 2188 3861; x_wconf 85' lang='lat' dir='ltr'><strong>jure</strong></span> <span class='ocrx_word' id='word_1_412' title='bbox 2229 3781 2344 3836; x_wconf 78' lang='lat' dir='ltr'><strong>sibi</strong></span> 
     </span>
     <span class='ocr_line' id='line_1_43' title="bbox 141 3872 2345 3950; baseline -0.002 -19"><span class='ocrx_word' id='word_1_413' title='bbox 141 3874 389 3941; x_wconf 81' lang='lat' dir='ltr'><strong>invicem</strong></span> <span class='ocrx_word' id='word_1_414' title='bbox 421 3875 831 3947; x_wconf 85' lang='lat' dir='ltr'><strong>succedebant,</strong></span> <span class='ocrx_word' id='word_1_415' title='bbox 855 3893 1059 3950; x_wconf 81' lang='lat' dir='ltr'><strong>-porro</strong></span> <span class='ocrx_word' id='word_1_416' title='bbox 1103 3874 1409 3949; x_wconf 70' lang='lat' dir='ltr'><strong>sequitur,</strong></span> <span class='ocrx_word' id='word_1_417' title='bbox 1458 3884 1722 3950; x_wconf 88' lang='lat' dir='ltr'><strong>oportere</strong></span> <span class='ocrx_word' id='word_1_418' title='bbox 1769 3878 1829 3934; x_wconf 83' lang='lat' dir='ltr'><strong>id</strong></span> <span class='ocrx_word' id='word_1_419' title='bbox 1875 3874 2052 3932; x_wconf 82' lang='lat' dir='ltr'><strong>fuisse</strong></span> <span class='ocrx_word' id='word_1_420' title='bbox 2090 3872 2345 3946; x_wconf 82' lang='lat' dir='ltr'><strong>priscum</strong></span> 
     </span>
     <span class='ocr_line' id='line_1_44' title="bbox 140 3949 2389 4037; baseline -0.002 -24"><span class='ocrx_word' id='word_1_421' title='bbox 140 3958 289 4014; x_wconf 84' lang='lat' dir='ltr'><strong>illud</strong></span> <span class='ocrx_word' id='word_1_422' title='bbox 319 3967 378 4014; x_wconf 90' lang='lat' dir='ltr'><strong>et</strong></span> <span class='ocrx_word' id='word_1_423' title='bbox 407 3959 481 4015; x_wconf 90' lang='lat' dir='ltr'><strong>ad</strong></span> <span class='ocrx_word' id='word_1_424' title='bbox 515 3958 696 4017; x_wconf 80' lang='lat' dir='ltr'><strong>Mosis</strong></span> <span class='ocrx_word' id='word_1_425' title='bbox 732 3978 913 4037; x_wconf 82' lang='lat' dir='ltr'><strong>usque</strong></span> <span class='ocrx_word' id='word_1_426' title='bbox 943 3972 1202 4035; x_wconf 86' lang='lat' dir='ltr'><strong>tempora</strong></span> <span class='ocrx_word' id='word_1_427' title='bbox 1242 3958 1545 4016; x_wconf 87' lang='lat' dir='ltr'><strong>deductum</strong></span> <span class='ocrx_word' id='word_1_428' title='bbox 1565 4002 1584 4032; x_wconf 94' lang='lat'><strong>,</strong></span> <span class='ocrx_word' id='word_1_429' title='bbox 1628 3979 1748 4017; x_wconf 89' lang='lat' dir='ltr'><strong>non</strong></span> <span class='ocrx_word' id='word_1_430' title='bbox 1775 3982 1914 4020; x_wconf 81' lang='lat' dir='ltr'><strong>vero</strong></span> <span class='ocrx_word' id='word_1_431' title='bbox 1947 3956 2237 4016; x_wconf 81' lang='lat' dir='ltr'><strong>recentius</strong></span> <span class='ocrx_word' id='word_1_432' title='bbox 2269 3949 2343 4003; x_wconf 84' lang='lat' dir='ltr'><strong>il-</strong></span> <span class='ocrx_word' id='word_1_433' title='bbox 2383 3990 2389 4006; x_wconf 86' lang='lat'>.</span> 
     </span>
     <span class='ocr_line' id='line_1_45' title="bbox 138 4034 2346 4122; baseline -0.004 -23"><span class='ocrx_word' id='word_1_434' title='bbox 138 4043 276 4114; x_wconf 83' lang='lat' dir='ltr'><strong>lud,</strong></span> <span class='ocrx_word' id='word_1_435' title='bbox 318 4040 536 4100; x_wconf 82' lang='lat' dir='ltr'><strong>Davidi</strong></span> <span class='ocrx_word' id='word_1_436' title='bbox 563 4064 629 4100; x_wconf 88' lang='lat' dir='ltr'><strong>ac</strong></span> <span class='ocrx_word' id='word_1_437' title='bbox 658 4044 960 4101; x_wconf 87' lang='lat' dir='ltr'><strong>Salomoni</strong></span> <span class='ocrx_word' id='word_1_438' title='bbox 986 4040 1320 4120; x_wconf 29' lang='lat' dir='ltr'><strong>coaevum(</strong></span> <span class='ocrx_word' id='word_1_439' title='bbox 1340 4040 1540 4120; x_wconf 69' lang='lat' dir='ltr'><strong>utpote</strong></span> <span class='ocrx_word' id='word_1_440' title='bbox 1570 4034 1722 4122; x_wconf 84' lang='lat' dir='ltr'><strong>qnod</strong></span> <span class='ocrx_word' id='word_1_441' title='bbox 1747 4043 2193 4103; x_wconf 76' lang='lat' dir='ltr'><strong>haereditarium</strong></span> <span class='ocrx_word' id='word_1_442' title='bbox 2218 4049 2346 4087; x_wconf 80' lang='lat' dir='ltr'><strong>ccr-</strong></span> 
     </span>
     <span class='ocr_line' id='line_1_46' title="bbox 142 4120 2350 4209; baseline -0.002 -26"><span class='ocrx_word' id='word_1_443' title='bbox 142 4137 348 4201; x_wconf 75' lang='lat' dir='ltr'><strong>taeque</strong></span> <span class='ocrx_word' id='word_1_444' title='bbox 379 4130 534 4185; x_wconf 84' lang='lat' dir='ltr'><strong>inter</strong></span> <span class='ocrx_word' id='word_1_445' title='bbox 564 4128 866 4187; x_wconf 79' lang='lat' dir='ltr'><strong>Edomitas</strong></span> <span class='ocrx_word' id='word_1_446' title='bbox 896 4130 1147 4187; x_wconf 81' lang='lat' dir='ltr'><strong>familiae</strong></span> <span class='ocrx_word' id='word_1_447' title='bbox 1173 4122 1513 4199; x_wconf 71' lang='lat' dir='ltr'><strong>adstrictum</strong></span> <span class='ocrx_word' id='word_1_448' title='bbox 1539 4131 1686 4202; x_wconf 80' lang='lat' dir='ltr'><strong>fuit,</strong></span> <span class='ocrx_word' id='word_1_449' title='bbox 1727 4134 1821 4188; x_wconf 62' lang='lat' dir='ltr'><strong>uti</strong></span> <span class='ocrx_word' id='word_1_450' title='bbox 1848 4127 2163 4186; x_wconf 72' lang='lat' dir='ltr'><strong>clarissime</strong></span> <span class='ocrx_word' id='word_1_451' title='bbox 2190 4120 2350 4209; x_wconf 71' lang='lat' dir='ltr'><strong>patet</strong></span> 
     </span>
     <span class='ocr_line' id='line_1_47' title="bbox 144 4210 2348 4292; baseline -0.009 -22"><span class='ocrx_word' id='word_1_452' title='bbox 144 4232 176 4269; x_wconf 88' lang='lat' dir='ltr'><strong>e</strong></span> <span class='ocrx_word' id='word_1_453' title='bbox 229 4213 255 4266; x_wconf 87' lang='lat' dir='ltr'><strong>l</strong></span> <span class='ocrx_word' id='word_1_454' title='bbox 280 4212 424 4291; x_wconf 80' lang='lat' dir='ltr'><strong>Reg.</strong></span> <span class='ocrx_word' id='word_1_455' title='bbox 460 4214 560 4287; x_wconf 68' lang='lat'><strong>11,</strong></span> <span class='ocrx_word' id='word_1_456' title='bbox 596 4216 690 4271; x_wconf 73' lang='lat'><strong>14.</strong></span> <span class='ocrx_word' id='word_1_457' title='bbox 753 4214 1058 4292; x_wconf 70' lang='lat' dir='ltr'><strong>2Reg.·3‚</strong></span> <span class='ocrx_word' id='word_1_458' title='bbox 1081 4215 1190 4269; x_wconf 73' lang='lat'><strong>27.</strong></span> <span class='ocrx_word' id='word_1_459' title='bbox 1275 4213 1727 4275; x_wconf 64' lang='lat' dir='ltr'><strong>Simulfacilim·</strong></span> <span class='ocrx_word' id='word_1_460' title='bbox 1756 4215 1894 4272; x_wconf 87' lang='lat' dir='ltr'><strong>hinc</strong></span> <span class='ocrx_word' id='word_1_461' title='bbox 1928 4210 2119 4270; x_wconf 78' lang='lat' dir='ltr'><strong>evadit</strong></span> <span class='ocrx_word' id='word_1_462' title='bbox 2151 4214 2348 4255; x_wconf 72' lang='lat' dir='ltr'><strong>conci-</strong></span> 
     </span>
     <span class='ocr_line' id='line_1_48' title="bbox 146 4286 2356 4381; baseline 0.001 -28"><span class='ocrx_word' id='word_1_463' title='bbox 146 4298 317 4369; x_wconf 73' lang='lat' dir='ltr'><strong>liatio</strong></span> <span class='ocrx_word' id='word_1_464' title='bbox 363 4306 459 4354; x_wconf 82' lang='lat' dir='ltr'><strong>tot</strong></span> <span class='ocrx_word' id='word_1_465' title='bbox 496 4316 702 4380; x_wconf 82' lang='lat' dir='ltr'><strong>regum</strong></span> <span class='ocrx_word' id='word_1_466' title='bbox 738 4300 1139 4365; x_wconf 81' lang='lat' dir='ltr'><strong>Idumaeorum</strong></span> <span class='ocrx_word' id='word_1_467' title='bbox 1179 4316 1308 4356; x_wconf 74' lang='lat' dir='ltr'><strong>cum</strong></span> <span class='ocrx_word' id='word_1_468' title='bbox 1347 4301 1468 4358; x_wconf 77' lang='lat' dir='ltr'><strong>ino·</strong></span> <span class='ocrx_word' id='word_1_469' title='bbox 1490 4303 1768 4381; x_wconf 81' lang='lat' dir='ltr'><strong>temporis</strong></span> <span class='ocrx_word' id='word_1_470' title='bbox 1804 4301 2027 4379; x_wconf 61' lang='lat' dir='ltr'><strong>spatio,</strong></span> <span class='ocrx_word' id='word_1_471' title='bbox 2086 4287 2241 4364; x_wconf 72' lang='lat' dir='ltr'><strong>q¹¹⁰d</strong></span> <span class='ocrx_word' id='word_1_472' title='bbox 2282 4286 2356 4342; x_wconf 59' lang='lat'><strong>²²5</strong></span> 
     </span>
    </p>
   </div>
   <div class='ocr_carea' id='block_1_5' title="bbox 900 4434 2313 4479">
    <p class='ocr_par' dir='ltr' id='par_1_5' title="bbox 900 4434 2313 4479">
     <span class='ocr_line' id='line_1_49' title="bbox 900 4434 2313 4479; baseline -0.003 0"><span class='ocrx_word' id='word_1_473' title='bbox 900 4434 912 4479; x_wconf 63' lang='lat' dir='ltr'><strong>l</strong></span> <span class='ocrx_word' id='word_1_474' title='bbox 1109 4470 1116 4475; x_wconf 72' lang='lat'><em>„</em></span> <span class='ocrx_word' id='word_1_475' title='bbox 1474 4435 1496 4457; x_wconf 45' lang='grc' dir='ltr'><strong>Δ</strong></span> <span class='ocrx_word' id='word_1_476' title='bbox 2214 4466 2219 4475; x_wconf 72' lang='grc'><strong>.</strong></span> <span class='ocrx_word' id='word_1_477' title='bbox 2260 4440 2313 4475; x_wconf 57' lang='lat'><strong>1*</strong></span> 
     </span>
    </p>
   </div>
  </div>
 </body>
</html>
