2711 4758
308 279 468 389 322
746 353 755 362 ,
896 278 1168 349 Exod.
1281 261 1975 370 cap.8{13-15.

307 477 475 527 ratur
508 464 662 532 huno
696 463 760 519 in
789 461 1021 521 modum
1051 465 1370 544 contigisse
1403 472 1666 521 autumat
1708 461 1790 545 (1.
1820 465 1861 521 1.
1890 461 1948 539 p.
1980 457 2148 540 53.):
2226 504 2267 534 ‚,
2284 461 2561 535 instabat,

310 565 571 626 temqus,
628 567 743 628 quo
781 549 1010 608 solenni
1038 551 1306 606 naturae'
1329 548 1534 606 ordine
1564 548 1776 605 culices
1807 558 2101 624 reptantes
2142 566 2216 604 ex
2252 549 2398 605 locis
2434 551 2541 605 uli-

306 636 533 716 ginosis
561 634 893 710 prorepturi
930 642 1131 705 erant;
1177 633 1433 690 nondum
1465 641 1656 688 tamen
1685 635 1762 691 ad
1797 632 2107 709 perfectam
2122 651 2263 689 eam
2294 631 2535 692 formam

305 728 720 789 excreverant,
775 726 841 772 ut
870 733 977 773 sua
1003 728 1207 800 sponte
1241 719 1369 774 loca
1389 723 1503 773 sua
1535 719 1757 774 natalia
1788 717 2089 774 deserendi
2120 718 2404 773 instinctu
2432 727 2538 774 suo

307 795 757 880 impelle‘re'ntur.
830 797 1021 862 Moses
1061 802 1268 881 igitur
1264 811 1348 858 ut
1389 800 1685 858 Pharaoni
1725 802 2037 878 probaret,
2094 819 2352 858 annuum
2387 804 2531 857 culi-

311 909 459 947 cum
484 887 835 964 reptantium
877 884 1143 946 reditum
1168 885 1446 968 Jehovam
1495 900 1787 943 auctorem
1833 885 2075 957 habere,
2137 904 2235 957 se,
2299 889 2418 956 ait,
2463 887 2529 943 ab

212 966 252 1038 ,’
308 974 418 1032 hoc
466 971 720 1029 Numine
757 969 1024 1026 edoctum
1070 988 1230 1041 esse,
1276 989 1391 1046 qua
1415 972 1652 1027 ratione
1687 971 2071 1027 exturbentur
2102 970 2357 1047 adeoque
2405 980 2537 1027 ante

310 1070 531 1138 tempus
575 1063 915 1111 consuetum
956 1073 1030 1110 ex
1075 1057 1220 1111 locis
1252 1054 1446 1111 uvidis
1479 1055 1691 1129 expelli
1721 1058 1947 1129 possint
1981 1053 2186 1111 horum
2220 1056 2536 1126 animalcu-

309 1146 500 1201 lorum
532 1140 803 1218 agmina:
863 1148 1037 1213 atque
1078 1140 1280 1197 elicuit
1312 1157 1387 1195 ex
1421 1140 1552 1195 loco
1602 1139 1798 1215 aliquo
1844 1141 2139 1216 uliginoso
2171 1149 2408 1216 partem
2430 1158 2534 1195 no-
2570 1147 2577 1160 ⁰

305 1245 412 1287 vae
444 1224 746 1303 progenici
779 1225 1206 1298 aliquantulum
1249 1225 1412 1298 prius
1446 1224 1577 1278 alia
1616 1225 1751 1295 via,
1809 1241 1984 1323 quam
2029 1229 2104 1280 ex
2151 1234 2392 1281 naturae
2439 1242 2532 1280 so-

295 1312 468 1369 lenni
492 1326 668 1392 cprsu
696 1308 1039 1383 prodiisset,
1084 1309 1340 1383 adeoque
1366 1308 1656 1382 primitias
1686 1309 2018 1365 examinum
2048 1307 2254 1364 horum
2288 1308 2532 1367 animal-

305 1397 572 1453 culorum
606 1401 798 1468 partes
840 1394 1176 1449 maturavit.
1263 1394 1393 1459 Qua
1422 1392 1686 1465 ratione,
1748 1394 1839 1449 vel
1870 1411 1985 1467 quo
2020 1393 2270 1448 artificio
2311 1391 2422 1448 hoc
2449 1391 2530 1448 ef-

301 1480 400 1538 fici
430 1479 650 1567 possit,
710 1495 885 1550 quum
921 1475 1150 1554 fugeret
1179 1473 1752 1552 Hierogrammates,
1818 1475 1966 1532 hanc
2000 1475 2291 1551 sciniphes
2322 1495 2396 1544 ex
2424 1495 2527 1552 pa-

303 1544 555 1622 ludibus
568 1571 701 1619 ante
731 1578 896 1616 suum
928 1568 1151 1640 tempus
1178 1559 1528 1616 exturbandi
1554 1570 1739 1620 artem
1765 1580 1884 1618 rem
1916 1563 2374 1635 pronuntiarunt
2405 1580 2527 1617 esse

303 1649 563 1706 divinam
596 1663 700 1700 nec
734 1645 848 1700 sibi
882 1664 916 1701 a
947 1648 1069 1701 suis
1101 1642 1234 1700 Diis
1265 1643 1559 1701 traditam.
1644 1646 1745 1703 Sic
1781 1654 2159 1724 argumento,
2218 1653 2340 1701 tum
2387 1654 2530 1703 tem-

304 1734 467 1809 poris
499 1743 738 1805 prorsus
775 1728 1048 1802 indubio,
1089 1730 1341 1785 evictum
1372 1736 1530 1799 erat,
1570 1720 1854 1787 Jehovam
1879 1747 1972 1786 res
1998 1729 2249 1807 Aegypti
2281 1729 2556 1786 Numino‘
2612 1749 2618 1756 ·

305 1835 411 1873 suo
441 1815 789 1893 gubernare,
836 1811 1163 1891 Mosemque
1193 1815 1316 1887 ejus
1344 1811 1688 1869 familiarem
1717 1814 1990 1881 mandata
2019 1812 2228 1870 habere
2260 1831 2426 1889 posse
2456 1815 2529 1873 ad

269 1901 662 1958 .Pharaonem
692 1896 1059 1971 perferenda,
1105 1898 1313 1974 quibus
1342 1915 1450 1954 rex
1479 1898 1815 1973 obsequium
1844 1909 2136 1973 praestare
2168 1899 2388 1954 debeat.
2390 1891 2434 1931 ‘⁴

479 1981 733 2038 14.15.
805 1989 1157 2065 mmm-5137
1204 1993 1332 2063 3:-
1345 1985 1536 2067 ἹὶῧξἾ
1596 1980 2012 2071 Fet-eruntque
2037 1983 2129 2037 sic
2162 1982 2359 2058 magi,
2405 1982 2444 2038 i.
2477 2002 2526 2040 e.

302 2074 710 2147 percusserunt
758 2067 894 2139 pulv
895 2084 1048 2122 erem
1113 2077 1337 2137 terrae,
1395 2042 1554 2123 aliud
1611 2066 1929 2124 artificium
1971 2058 2394 2137 adhibuerunt,
2463 2076 2533 2124 ιιι

300 2154 453 2226 idem
484 2150 776 2220 facerent,
823 2142 965 2233 ³⁷:22
1016 2145 1136 2212 (ὑπ
1171 2166 1381 2220 verum
1406 2168 1519 2205 mm
1541 2159 1900 2229 potuerunt.
1973 2150 2173 2225 ltaque
2217 2151 2528 2209 conferun'-
2589 2174 2593 2178 ·

304 2248 402 2294 tur
447 2233 544 2291 hic
584 2234 744 2312 magi
770 2214 990 2289 Aaroni
1023 2229 1396 2309 percussione
1436 2235 1728 2309 pulveris,
1789 2253 1938 2312 quae
1979 2236 2032 2290 si
2066 2237 2194 2291 sola
2217 2245 2527 2310 spectetur,

301 2322 428 2394 sic,
471 2329 536 2377 ut
565 2319 797 2388 Aaron,
828 2314 1159 2387 fecerunt.
1228 2317 1347 2375 Alii
1380 2319 1472 2374 sic
1484 2317 1785 2391 fecerunt
1808 2323 2267 2396 interpretantur
2299 2320 2391 2375 sic
2403 2319 2527 2392 fa-

272 2423 433 2469 'cere
479 2403 685 2459 conati
725 2411 884 2468 sunt.
973 2404 1056 2461 Ac
1098 2422 1235 2461 sane
1276 2403 1456 2462 verba
1482 2405 1674 2460 activa
1715 2422 1887 2482 saepe
1913 2414 2184 2469 conatum
2221 2404 2529 2463 dumtaxat

297 2490 623 2569 designant.
682 2486 871 2544 Moses
902 2485 1175 2549 Mendelii
1202 2488 1283 2545 fil.
1317 2488 1459 2545 haec
1490 2488 1708 2547 adfert:
1762 2489 2046 2570 „Plagam
2062 2499 2316 2546 mutatae
2342 2508 2529 2566 aquae

300 2574 591 2632 Niloticae
632 2576 695 2629 in
729 2573 1073 2650 sanguinem
1106 2584 1278 2649 atque
1307 2590 1582 2630 ranarum
1627 2593 1659 2629 e
1688 2573 1869 2631 fluvio
1899 2574 2307 2650 prodeuntium
2341 2576 2523 2654 magi,

298 2669 363 2727 ut
395 2656 540 2714 mihi
572 2656 838 2727 videtur,
889 2657 1017 2715 ideo
1049 2659 1269 2714 imitari
1306 2666 1657 2732 potuerunt,
1715 2659 1871 2734 quod
1911 2661 1972 2716 in
2003 2668 2211 2714 neutra
2240 2667 2390 2715 esset
2436 2661 2527 2715 rei

295 2762 480 2800 novae
514 2743 842 2818 procreatio
871 2751 929 2797 et
956 2742 1263 2814 formatio,
1321 2761 1504 2817 neque
1544 2744 1698 2799 enim
1741 2744 1885 2817 dicit
1929 2740 2272 2816 Scriptura:
2340 2752 2530 2822 ³³07„-

297 2837 672 2917 ΞΨΤῚΞΞΣἾ
724 2834 787 2880 et
836 2829 1210 2882 asstiterant
1266 2846 1311 2883 s.
1366 2824 1596 2896 factae
1648 2832 1790 2884 sunt
1837 2844 2059 2901 ranae,
2138 2825 2269 2882 sed:
2356 2812 2530 2884 §inv

291 2910 587 3010 ζ’·ἻῑΣιζιῖ
601 2892 741 2984 [Vs.
773 2909 857 2984 2.]
902 2910 1299 2966 ascenderunt
1344 2928 1574 2981 ranae,
1619 2914 1657 2968 i.
1691 2931 1739 2967 e.
1783 2919 2171 2992 congregatae
2216 2930 2246 2966 c
2276 2911 2398 2967 suis
2429 2912 2525 2966 lo-

292 2999 374 3051 cis
403 2976 469 3052 in
503 2996 729 3052 aridum
761 2994 1158 3051 ascenderunt.
1245 2994 1358 3053 Sed
1383 2996 1556 3074 plaga
1583 2998 1830 3053 culicum
1861 2996 2044 3054 fieliat
2085 2995 2376 3050 creatione
2407 2997 2523 3065 rei,

292 3096 437 3153 quae
463 3099 583 3138 non
625 3079 883 3149 exstitit,
949 3098 1130 3154 neque
1161 3082 1314 3135 enim
1343 3090 1553 3136 natura
1577 3083 1835 3156 pulveris
1882 3094 2006 3152 est,
2053 3088 2121 3135 ιιι
2165 3097 2238 3135 ex
2269 3096 2337 3135 eo
2369 3078 2518 3136 fiant

290 3166 538 3234 culices,
582 3174 647 3219 ut
689 3163 781 3218 Vm
823 3164 1079 3237 praeced.
1113 3164 1387 3247 dicitur.“
1476 3165 1647 3237 Quod
1685 3162 1780 3221 hic
1807 3166 2093 3242 repetitur
2143 3170 2211 3225 a:
2222 3172 2318 3220 :07
2350 3176 2523 3254 ''⁸7²ss

292 3256 551 3332 ἼῖεἻ-ἙΞῚ
589 3254 753 3307 07⁸⁴.
773 3289 792 3318 ,
831 3248 1061 3304 videtur
1091 3267 1246 3304 mera
1278 3267 1402 3305 esse
1433 3250 1703 3325 repetitio
1729 3250 2155 3307 confirmandae
2186 3231 2271 3302 rei
2285 3230 2519 3304 narra-

289 3340 381 3384 tae
428 3312 667 3400 causa,
697 3324 861 3421 quasi
906 3319 1154 3389 diceret:
1201 3335 1284 3389 ita
1315 3332 1503 3419 igitur
1539 3332 1833 3425 ciniphum
1874 3337 2109 3415 agmina
2149 3328 2411 3389 homines
2458 3344 2522 3388 et

276 3414 573 3486 jumenta
579 3410 943 3473 infestabant.
995 3450 1065 3459 —
1121 3414 1740 3512 15.ht7n—1773&²2
1791 3420 1876 3476 Et
1914 3420 2091 3475 dixer
2095 3427 2204 3473 unt
2235 3417 2399 3490 magi
2432 3416 2524 3473 ad

284 3493 692 3554 Pharaonem:
756 3498 1000 3577 digitus
1044 3500 1163 3558 Dei
1213 3500 1313 3557 hic
1360 3513 1488 3576 est,
1541 3505 1579 3560 i.
1601 3499 1656 3558 ’.ο
1704 3505 1891 3561 virtus
1919 3501 2048 3560 Dei.
2134 3502 2260 3569 Qua
2307 3501 2516 3574 phrasi

281 3581 435 3637 dixit
479 3580 746 3641 Christus
778 3578 1184 3658 Luc.11,26.
1249 3588 1303 3649 εἴ
1345 3584 1415 3648 δὲ
1459 3590 1522 3648 ἐν
1568 3582 1847 3665 δακτύλῳ
1895 3592 1971 3649 &r
1980 3590 2054 3650 οὔ
2100 3589 2221 3663 ἐκβ
2235 3580 2379 3645 iiim
2434 3579 2521 3646 τὰ

283 3654 592 3739 δαιμονίη,
636 3669 695 3725 id
727 3681 844 3740 est,
891 3668 955 3731 ἐν
984 3692 1311 3750 πνευματι,
1348 3684 1418 3730 ut
1446 3675 1771 3749 explicatur
1802 3673 2009 3732 Matth.
2048 3674 2144 3745 12,
2173 3674 2271 3727 28.
2315 3668 2546 3737 Quod'

279 3760 472 3807 autem
502 3754 659 3829 magi
694 3753 950 3812 fatentur
981 3755 1129 3813 banc
1157 3772 1279 3815 esse
1309 3755 1422 3814 Dei
1455 3776 1725 3829 manum,
1771 3777 1890 3815 non
1922 3760 2051 3815 ideo
2089 3755 2382 3825 fatentur,
2438 3756 2513 3814 ιιι

278 3832 403 3892 Deo
438 3836 577 3892 dent
602 3838 882 3914 gloriam,
925 3842 1021 3899 sed
1050 3852 1277 3910 tantum
1307 3854 1375 3898 ut
1399 3842 1582 3898 famae
1618 3860 1756 3899 suae
1791 3845 2116 3913 consulant,
2159 3859 2263 3896 nec
2294 3848 2514 3914 puten-

275 3928 374 3975 tur
402 3918 592 3977 Moses
622 3932 727 3977 aut
750 3922 945 3980 Aaron
973 3918 1091 3981 illis
1121 3945 1243 3984 esse
1274 3928 1492 3984 virtute
1520 3937 1623 3982 aut
1652 3930 1894 3985 scientia
1921 3927 2282 4002 superiores,
2335 3926 2516 3999 quasi

273 4004 565 4062 dicerent:
610 4024 719 4061 nos
752 4026 868 4063 non
899 4008 1168 4067 cohibent
1199 4010 1389 4068 Moses
1421 4022 1524 4068 aut
1556 4013 1790 4097 Aaron,
1829 4014 1926 4077 sed
1964 4013 2166 4069 divina
2191 4012 2282 4065 vis
2317 3998 2536 4065 utris-S

271 4105 382 4162 que
424 4091 625 4163 maj0r.
711 4092 893 4191 Notat
932 4104 1228 4166 praeterea
1257 4097 1457 4154 Aben-
1473 4094 1660 4170 Esra,
1718 4115 1921 4189 magos
1956 4114 2072 4152 non
2114 4096 2338 4153 dicere.
2405 4091 2511 4148 dx·-

271 4170 444 4242 gitue
469 4170 689 4245 Ionae,
748 4179 846 4249 qui
896 4188 984 4232 est
1026 4175 1183 4236 Deus
1225 4179 1656 4254 Hebraeorum,
1709 4178 1818 4240 sed
1852 4183 2086 4258 digitus
2118 4178 2275 4249 Dei,
2343 4176 2515 4256 quod

234 4253 661 4327 accipiendum
706 4260 775 4315 de
815 4269 1108 4333 creatore,
1161 4283 1330 4340 quem
1371 4262 1597 4323 Pharao
1635 4276 1693 4324 et
1721 4269 1880 4350 magi
1926 4264 2322 4345 agnoscebant
2393 4281 2504 4317 ne·-

265 4346 373 4401 que
404 4337 538 4393 illos
579 4344 924 4417 agnovisse,
987 4364 1054 4403 ea
1096 4349 1269 4425 plaga
1317 4350 1642 4426 ⁴&egyptum
1695 4351 1823 4407 ideo
1873 4352 2130 4426 percuti,
2188 4351 2342 4425 qnod
2386 4364 2509 4404 rex
