2711 4758
226 329 230 333 ,
119 50 210 220 m·

596 957 1611 1157 .f1,·-n¹'·c³r?o
1725 952 2046 1104 nr

548 1200 557 1213 .
730 1223 739 1227 ,
1204 1210 1532 1349 js.
1989 1212 2004 1221 ,

570 1444 582 1477 ι
644 1420 655 1479 ’.

1774 1480 1806 1494 Q

262 1583 627 1709 Rogatus
652 1574 721 1685 ‘a
762 1609 1061 1699 multis,
1108 1619 1194 1681 ut
1224 1608 1523 1681 Scholia
1565 1629 1744 1685 mea
1781 1607 1868 1679 in
1908 1593 1993 1677 V.
2019 1602 2128 1678 T:
2162 1578 2256 1690 in*
2293 1616 2494 1679 coin-

261 1740 645 1844 pendium
666 1744 793 1817 vel
820 1744 986 1838 ipse
1016 1740 1434 1837 redigerem
1456 1793 1478 1830 ,
1518 1743 1647 1816 vel
1677 1728 2296 1834 redigi‘sine'rem,
2340 1730 2487 1836 qu'o

268 1868 789 1979 ‚consuleretur
808 1873 1225 1983 rationibus
1252 1895 1539 1963 eorum,
1575 1897 1760 1972 quos
1786 1899 1907 1948 res
1937 1886 2254 1971 angusta
2280 1872 2488 1948 domi

256 2008 608 2115 pluribus
669 2006 1177 2087 voluminibus
1245 2010 1587 2085 emendis
1635 2010 2030 2110 pecuniam
2062 2026 2311 2131 suam
2345 2009 2489 2081 im·

260 2134 600 2275 pendere
665 2144 1136 2271 prohiberet,
1221 2142 1520 2219 iliorum
1575 2122 1953 2218 desiderio
2014 2146 2124 2218 ita
2185 2144 2488 2219 satissa-

262 2264 437 2361 cere
496 2280 840 2390 decrevi,
919 2289 1039 2369 ut,
1121 2302 1350 2377 quum
1408 2281 1614 2376 ipse,
1705 2262 2098 2368 Scholiis,
2143 2278 2483 2377 aliisque,

260 2439 455 2514 quae
517 2409 912 2504 inchoavi,
976 2415 1327 2512 operibus
1390 2410 1914 2488 continuandis
1965 2427 2042 2487 et
2097 2411 2202 2488 ad
2249 2413 2480 2489 finem

172 2561 186 2568 ’
253 2547 756 2651 perducendis
798 2562 1234 2649 occupatus„
1299 2570 1789 2647 opus‘meum
1835 2509 2323 2624 contrahendi
2369 2547 2482 2624 la-

254 2684 523 2763 borem
573 2684 824 2759 subire
870 2707 1272 2782 nequeam,
1323 2696 1577 2758 tamen
1620 2685 1822 2762 illius
1860 2685 2004 2756 rite
2039 2682 2476 2782 perficiendi

255 2825 511 2894 curam
550 2821 635 2891 in
678 2842 804 2912 me
850 2821 1368 2926 susciperqm31
1411 2820 1989 2917 moderatorque
2035 2811 2470 2892 existerem.

54 2967 63 3054 ἶ
112 3041 121 3044 ,
248 2953 536 3028 Auctor
604 2953 833 3047 igitur
893 2953 1003 3029 fui
1068 2951 1243 3027 Jos.
1311 2952 1796 3029 Cuius-rom.
1865 2954 2150 3066 Siousu.
2211 2953 2473 3026 Lsscu..

247 3104 501 3177 NERO,
563 3086 751 3159 Phil.
792 3085 886 3166 D.
933 3099 1010 3159 et
1049 3088 1149 3190 ad
1175 3088 1368 3162 Aed.
1396 3088 1599 3163 Paul.
1630 3088 2064 3164 Concionat.
2100 3088 2468 3186 vespert„

242 3222 426 3296 Viro
455 3220 929 3311 Clarissimo,
971 3225 1051 3302 in
1079 3246 1458 3307 sacrarum
1489 3224 1873 3297 literarum
1910 3222 2161 3298 studio
2192 3222 2465 3299 dextre

240 3367 591 3446 versato,
640 3381 684 3430 e
716 3355 1276 3448 Commentario
1305 3370 1566 3431 nostro
1598 3379 1792 3454 quae
1823 3356 1924 3431 ad
1954 3380 2257 3432 sensum
2290 3381 2465 3433 ver-

237 3487 506 3564 borum
537 3504 616 3564 et
647 3489 1003 3588 loquendi
1036 3491 1551 3581 formularum,
1591 3493 1672 3564 in
1703 3492 1970 3589 quibus
2000 3492 2282 3592 aliquid
2311 3494 2461 3571 dif-

237 3625 589 3700 ficultatis
617 3627 752 3714 sit,
806 3624 1369 3734 explicandum,
1420 3639 1642 3725 atque
1671 3627 1770 3707 ad
1800 3650 1922 3700 res
1954 3642 2227 3725 gestas,
2261 3634 2454 3705 ritus

238 3761 626 3856 antiquos,
678 3761 985 3836 nomina
1027 3782 1523 3857 personarum
1553 3727 2145 3863 ‚locorumquexet
2174 3765 2455 3840 similia

229 3892 680 3968 illustranda
709 3897 1044 3972 maxime
1081 3896 1508 3968 necessaria
1531 3875 1805 3986 essent,
1837 3900 2207 3996 seligeret,
2244 3897 2450 3971 haud

234 4030 541 4118 omissa,
588 4030 671 4102 in
712 4032 894 4108 locis
943 4030 1520 4120 difficilioribus,
1564 4034 1950 4106 mentione
1986 4046 2078 4110 ,et
2122 4033 2440 4107 aliarum

233 4131 934 4260 interpretationum
954 4216 976 4253 ,
1024 4189 1216 4264 quae
1245 4163 1549 4264 quidem
1593 4187 1733 4239 sua
1761 4187 1929 4237 sese
1958 4164 2441 4263 probabilita-

237 4311 315 4368 te
364 4299 1020 4391 commendarent,
1083 4313 1163 4374 et
1212 4302 1558 4378 lectionis
1596 4276 2015 4384 sariantis,
2070 4299 2304 4372 sicubi
2350 4320 2443 4371 ea
