2711 4758
335 285 478 361 196
603 353 606 356 .
887 288 1176 357 Genea.
1270 261 2007 380 Cap.36‚x16—20.
2118 227 2141 244 l

504 474 601 533 16.
672 475 864 543 Quum
904 469 1208 554 phylarchi
1251 468 1354 532 Vs.
1399 468 1495 531 15.
1550 471 1648 531 16.
1700 471 1977 531 recensiti
2015 466 2367 530 conveniant
2417 481 2554 531 cum

335 579 441 621 sex
465 559 733 637 Eliphasi
771 559 944 630 filiis,
987 557 1085 615 Vs.
1122 558 1217 614 ll.
1254 558 1349 614 12.
1392 558 1761 630 memoratis,
1804 556 1902 615 hic
1927 576 2069 615 vero
2100 555 2334 614 accedat
2365 553 2554 615 Cord-

335 647 478 706 chus
495 687 513 717 ,
559 647 720 719 eujus
749 662 926 720 supra
966 644 1130 700 nulla
1173 644 1392 701 mentio
1421 641 1610 716 facta3
1675 644 2014 719 quaeritur,
2065 641 2222 698 unde
2250 642 2352 698 ille
2377 659 2553 717 super

335 749 636 789 numerum
665 727 922 786 filiorum
946 726 1210 802 Eliphasi
1238 727 1451 784 allatus
1476 724 1781 803 princeps?
1857 725 2226 790 Probabilem
2257 727 2553 800 conjectu-

230 857 234 862 «
334 835 463 875 ram
494 812 665 871 affert
703 809 766 870 C.
794 811 861 870 B.
887 810 1235 870 Mlcnsmls
1276 812 1341 867 in
1384 810 1544 869 Diss.
1574 810 1727 868 laud.
1771 811 1828 886 §-
1865 811 2046 887 134».
2075 810 2218 867 223.
2303 810 2389 882 „l
2415 808 2550 866 Par.
2598 805 2605 808 Α

338 901 400 972 1,
428 899 529 956 36.
551 897 707 955 filiis
737 895 1032 972 Eliphasi,
1071 914 1145 953 ex
1177 877 1391 954 Genesi
1424 896 1761 968 recensitis,
1802 875 2022 973 pariter
2058 896 2219 951 ultra
2247 911 2551 952 numerum

235 1050 241 1059 ι
336 1002 375 1041 a
418 981 581 1041 Mose
635 981 1017 1056 descriptum,
1081 980 1353 1056 adiicitur
1403 977 1691 1051 Thimna,
1761 998 1882 1038 non
1935 978 2375 1036 confundendus
2420 996 2552 1037 cum

337 1067 395 1128 T
397 1068 627 1136 himma,
663 1067 868 1142 pellice
897 1063 1180 1143 Eliphas'r.
1237 1063 1469 1121 -Potuit
1499 1084 1639 1143 ergo
1674 1063 1835 1137 fieri,
1888 1073 1955 1121 ut
1999 1066 2111 1121 iste
2141 1061 2427 1135 Thimna,
2471 1058 2549 1119 li-'

335 1161 430 1210 cet
472 1152 813 1228 conjugatus
830 1189 848 1220 ,
905 1158 1099 1207 tamen
1152 1149 1464 1207 decesserit
1505 1150 1631 1205 sine
1658 1149 1856 1207 liberis
1873 1189 1893 1222 ,
1939 1149 2188 1205 omissus
2229 1147 2448 1204 idcirco
2466 1149 2549 1204 'in

333 1235 594 1295 Mosaica
627 1234 883 1312 filiorum
914 1231 1177 1310 Eliphasi
1205 1233 1434 1307 tabula3
1484 1235 1677 1308 potuit
1703 1234 1841 1291 item
1870 1232 2032 1304 fieri,
2089 1241 2156 1289 ut
2183 1233 2392 1308 aliquis
2421 1228 2546 1287 fra-

333 1331 494 1378 trum
531 1309 909 1389 Thimnachi‚
967 1319 1403 1396 legeleviratus
1446 1315 1637 1397 (quae
1669 1320 1819 1396 apud
1851 1314 2212 1393 patriarchas
2243 1316 2361 1389 jam
2393 1315 2548 1372 obti-

333 1406 499 1474 nuit,
551 1402 668 1460 vid.
698 1403 800 1473 38,
843 1395 929 1480 8.)
966 1404 1203 1461 viduam
1232 1403 1354 1475 ejus
1393 1403 1665 1473 duxerit,
1720 1413 1779 1461 et
1809 1421 1884 1460 ex
1918 1421 1988 1458 ea
2024 1403 2085 1457 in
2115 1398 2371 1457 defuncti
2397 1397 2549 1457 Thi-

303 1486 563 1546 ·mnacbi
593 1487 929 1544 memoriam
974 1486 1496 1565 filium·genuerit,
1543 1484 1874 1543 Cot-acham
1904 1487 2175 1555 nomine,
2225 1503 2261 1541 a
2291 1502 2405 1559 quo
2449 1501 2551 1542 or-

330 1582 458 1630 tum
500 1571 670 1628 duxit
699 1570 966 1646 princeps
1001 1579 1060 1628 et
1094 1570 1316 1627 familia
1361 1568 1616 1627 Gorach.
1687 1572 1856 1631 Alius
1901 1588 2076 1642 vero,
2130 1578 2190 1626 et
2217 1569 2287 1626 ab
2314 1566 2429 1626 hoc
2456 1567 2548 1626 di·-

331 1674 536 1714 versus
570 1651 877 1713 Coracinus
911 1665 1032 1728 est,
1072 1654 1142 1713 de
1176 1674 1289 1732 quo
1327 1654 1426 1712 Vs.
1462 1655 1598 1712 185⁶
1812 1651 1821 1660 ⁴

507 1782 584 1839 17
608 1812 681 1825 -
704 1781 801 1837 19.
862 1778 1033 1839 Filiis
1079 1780 1353 1862 Reguelis
1403 1793 1687 1860 quatuor,
1753 1782 1853 1842 Vs.
1888 1784 1983 1842 1³.
2037 1782 2408 1856 memoratis,
2452 1799 2551 1841 re-

331 1867 622 1944 spondent
652 1875 903 1942 quatuor
935 1884 1009 1924 ex
1043 1868 1116 1922 iis
1144 1868 1336 1924 tribus
1365 1869 1681 1943 oriundae,
1714 1861 1859 1946 quae
1889 1869 1998 1927 hoe
2028 1866 2125 1924 Vs.
2155 1876 2552 1926 recensentur.

333 1952 649 2011 Generatio
679 1949 857 2008 Esavi
884 1969 1001 2008 non
1031 1953 1149 2007 nisi
1188 1952 1261 2009 ad
1302 1962 1540 2028 nepotes
1581 1971 1764 2031 usque
1805 1954 2139 2024 deducitur,
2171 1951 2325 2029 quod
2354 1950 2417 2008 hi
2444 1972 2553 2032 ge-

333 2037 496 2095 neris
521 2053 720 2091 eorum
748 2036 925 2110 primi
969 2045 1235 2091 auctores
1262 2033 1535 2109 fuerunt,
1568 2037 2033 2114 familiarumque
2063 2055 2130 2093 ac
2161 2035 2419 2093 tribuum
2449 2054 2551 2094 ca-

332 2123 458 2198 pita
497 2136 564 2174 ac
602 2135 885 2192 proceres.
937 2149 1010 2161 --
1067 2119 1161 2173 18.
1203 2118 1385 2175 Esavi
1427 2138 1499 2176 ex
1528 2118 1874 2181 Obolibama
1900 2122 2009 2180 filii
2038 2122 2152 2197 ipsi
2194 2129 2260 2176 ut
2288 2121 2549 2179 tribuum

334 2204 527 2279 capita
552 2200 900 2271 referuntur,
942 2219 1119 2277 quum
1152 2200 1249 2258 Vs.
1283 2202 1380 2259 14.
1424 2204 1499 2259 iis
1530 2207 1678 2262 nulli
1706 2206 1817 2265 filii
1850 2210 2258 2286 assignentur,
2301 2205 2404 2262 ubi
2426 2204 2551 2263 vid.

331 2298 457 2348 not.
519 2318 593 2329 -
656 2286 752 2340 19.
797 2287 1065 2377 'apg-³223
1109 2278 1250 2371 27⁹3&ss
1307 2285 1401 2342 Ha·
1441 2296 1585 2346 sunt
1611 2288 1747 2363 filii
1786 2290 2009 2364 Esam',
2044 2292 2105 2349 ‘i-
2142 2309 2191 2348 e.
2236 2308 2320 2347 ex
2354 2288 2550 2351 Esavo

334 2363 615 2452 prokuati
639 2378 759 2428 tam
785 2368 928 2443 filii,
959 2389 1132 2447 quam
1163 2379 1419 2448 nepotes.
2086 2418 2087 2421 η

501 2499 602 2555 20.
680 2498 960 2577 Sequitur
998 2502 1345 2579 genealogia
1391 2500 1550 2561 Seiri
1596 2501 1877 2578 Choraei‚
1953 2503 2053 2580 qui
2116 2514 2254 2563 ante
2291 2501 2548 2562 Esavum

330 2603 461 2643 eam
486 2585 823 2662 regionem,
864 2604 1009 2662 quae
1039 2595 1239 2661 postea
1262 2585 1531 2646 Idumaea
1557 2600 1643 2646 est
1673 2599 1901 2666 vocata,
1940 2590 2150 2659 tenuit.
2215 2589 2337 2651 ’nh
2363 2608 2398 2648 a
2429 2605 2546 2665 quo

333 2668 505 2746 maj·-
566 2665 890 2742 Cleon-itam
956 2672 995 2726 i.
1030 2682 1078 2726 e.
1130 2669 1543 2748 troglodytae,
1603 2674 1674 2730 ab
1724 2672 2122 2753 ingrediendis'
2168 2659 2372 2756 :zu-²332,
2429 2675 2469 2731 i.
2495 2692 2547 2729 e.

330 2748 665 2836 τρώγλοις,
724 2756 1033 2828 cavernis,
1086 2773 1227 2832 quas
1281 2774 1424 2835 gens
1468 2758 1584 2813 ista
1622 2758 1686 2814 in
1728 2760 1909 2833 petris
1955 2761 2278 2818 excavavit.
2361 2761 2550 2828 Quam

328 2840 713 2910 sententiam,
763 2839 1096 2915 adoptatam
1135 2858 1362 2917 quoque
1405 2859 1440 2897 a
1471 2839 1533 2898 C.
1570 2840 1635 2899 B.
1666 2839 2014 2901 Mlcnazus
2055 2845 2118 2900 in
2146 2843 2303 2902 Diss.
2335 2843 2405 2901 de
2437 2860 2549 2899 an-

333 2924 575 3001 tiquiss.
607 2920 942 2981 Idumam.
969 2921 1185 2982 histor.
1215 2923 1271 2996 ξ.
1297 2924 1390 2981 15.
1431 2935 1489 2982 et
1517 2944 1553 2982 a
1578 2925 1701 2983 filio
1729 2925 1816 2984 Jo.
1847 2924 2109 3000 Davide,
2146 2930 2210 2985 in
2240 2927 2547 2986 Commen-

331 3018 440 3066 tat.
477 3008 546 3065 de
585 3005 973 3085 Troglodytis
1017 3007 1074 3081 ξ.
1109 3009 1204 3081 2.,
1239 3009 1386 3065 illud
1418 3010 1754 3084 confirmat,
1794 3012 1948 3088 quod
1978 3011 2368 3088 Hieronymus
2398 3010 2546 3067 dicit

334 3091 411 3148 ad
442 3091 625 3150 Obad.
667 3091 765 3149 Vs.
795 3095 882 3149 4.:
956 3090 1162 3150 Omnis
1196 3094 1489 3151 austra’is
1518 3095 1686 3171 regio
1716 3092 2130 3152 Idumacorum
2159 3095 2230 3151 do
2262 3090 2545 3151 Eleuthe-

329 3175 533 3251 ropoli
566 3193 747 3253 usquc
771 3173 1014 3233 Petram
1044 3185 1106 3232 et
1142 3175 1355 3248 Ailana,
1401 3179 1464 3234 in
1490 3175 1780 3257 specubus
1802 3177 2310 3236 habitatiunculas
2338 3174 2547 3237 habet.

329 3254 419 3315 cf.
471 3268 531 3315 et
566 3260 701 3317 libr.
741 3271 924 3317 nostr.
951 3259 1025 3317 ·d.
1076 3258 1207 3316 bibl.
1247 3260 1676 3320 Altertltumsk.
1714 3262 1786 3321 11.
1821 3262 1865 3323 1.
1911 3283 1967 3339 p.
2002 3263 2138 3319 126.
2175 3263 2320 3324 247.
2402 3262 2544 3334 „Et

203 3348 206 3355 ²
305 3337 580 3417 &Chomei
608 3344 832 3419 quidem
851 3384 869 3416 ,
908 3363 1084 3421 quum
1113 3342 1487 3403 Sebiritidem
1509 3348 1632 3419 jam
1658 3350 1801 3406 olim
1828 3358 2081 3423 tempore
2106 3344 2422 3404 Abrahami
2451 3357 2544 3404 te—

328 3422 632 3498 nuissent,
674 3446 709 3483 a
739 3426 1177 3486 Cedorlaomero
1211 3439 1270 3486 et
1298 3428 1609 3487 foederatis
1636 3434 1869 3513 regibus
1902 3431 2055 3488 caesi
2083 3439 2284 3503 erant,
2330 3431 2430 3504 14,
2459 3432 2544 3505 6.,

327 3504 582 3567 &hiras
623 3529 763 3570 vero
798 3515 1119 3590 quispiam,
1174 3516 1275 3590 qui
1304 3521 1561 3594 stragem
1600 3518 1760 3590 illam
1802 3524 2100 3589 evaserat,
2140 3512 2542 3579 chon-aeorum

326 3603 594 3674 gentem,
639 3614 786 3673 quae
827 3598 898 3654 ab
928 3598 1156 3657 excidio
1184 3596 1586 3674 haud'procul
1620 3600 1909 3670 abfuerat,
1949 3591 2441 3679 ἀνεζωπύρησεν,
2478 3604 2541 3659 έί

326 3680 490 3737 velut
517 3697 590 3736 ex
621 3682 912 3738 cineribus
941 3686 1278 3741 suscitatam
1310 3684 1558 3758 refovit,
1599 3687 2091 3764 propagavitque,
2131 3686 2218 3743 ita
2242 3695 2310 3743 ut
2350 3680 2539 3763 Esayl

325 3772 585 3840 tempore
613 3769 675 3823 in
703 3768 998 3847 montanis
1032 3766 1368 3827 Sehiritidis
1412 3770 1778 3846 amplissimis
1805 3770 2039 3828 sedibus
2067 3769 2324 3851 gaudens
2362 3767 2539 3827 flore—'-

293 3857 435 3905 „ret
517 3847 706 3924 Hujus
737 3851 926 3928 igitur
953 3849 1176 3909 Sebiris
1207 3853 1519 3927 familiam,
1564 3854 1629 3910 in
1663 3872 1776 3930 qua
1803 3873 1947 3934 gens
1976 3854 2369 3913 Choraeorum
2396 3872 2540 3929 pro-

324 3941 538 4012 pagata
570 3943 691 4006 est,
747 3933 1029 3991 describit
1051 3935 1241 3993 Moses
1278 3937 1375 3995 Vs.
1400 3941 1583 3997 20-
1604 3940 1705 4023 3⁰?
1743 3951 1979 4016 propter
2008 3940 2278 3999 Esavum.
2360 3938 2541 3997 Hunc

322 4018 481 4073 enim
512 4013 758 4074 Choraei
785 4018 1140 4092 aliquamdiu
1168 4040 1298 4078 cum
1321 4022 1543 4091 familia
1569 4025 1923 4105 inquilinum
1956 4029 2287 4099 sociumque
2317 4021 2538 4081 habuc-

319 4112 498 4173 runt,
540 4101 722 4159 donec
749 4103 1140 4160 simultatibus
1171 4107 1351 4180 ortis,
1402 4105 1691 4181 Idumaei,
1731 4107 1911 4167 Esavi
1953 4110 2204 4185 posteri,
2242 4095 2539 4166 Chorseos

321 4184 702 4259 debellarunt,
740 4204 810 4242 ac
834 4186 1372 4266 regionem'eorum
1403 4193 1518 4248 sibi
1548 4194 1690 4250 solis
1719 4193 2128 4264 vindicat-unu
2176 4188 2351 4250 Dent.
2376 4193 2438 4264 2,
2473 4190 2534 4250 6.

326 4268 423 4323 12.
455 4271 597 4326 22.“
680 4268 742 4329 C.
783 4269 849 4328 B.
896 4269 1243 4332 Mlcnstms
1287 4276 1350 4330 in
1382 4274 1539 4349 Diss.
1573 4275 1726 4335 laud.
1811 4284 2005 4365 'ft-2321
2047 4275 2201 4368 13].ξὶ
2261 4272 2536 4332 Habita-

336 4355 487 4410 *oraes
532 4362 735 4416 torrae
761 4355 957 4434 illius,
1013 4359 1052 4415 i.
1083 4376 1132 4416 e.
1182 4361 1283 4437 qui
1314 4360 1472 4421 illam
1505 4356 1805 4442 regionem
1830 4370 1967 4421 ante
2000 4363 2313 4422 adventum
2346 4359 2536 4420 Esavi
2652 4377 2671 4386 ·
