2711 4758
669 221 923 349 beut-
1036 274 1199 369 Cap.
1243 289 1365 354 20,
1430 268 1743 361 ι6-ι9,
2157 272 2372 351 755·

109 461 220 533 lis,
275 459 610 518 rebellionis
642 469 817 520 metu.
864 491 939 506 -·
986 460 1084 521 16.
1132 455 1371 519 πυιῑη-
1390 451 1496 518 §a
1522 453 1707 516 Omne
1739 454 1896 535 quod
1923 457 2152 535 spirat,
2193 461 2234 519 i.
2269 481 2321 522 e.

102 547 278 616 vivit,
321 556 388 601 ut
430 543 549 601 Jos.
599 546 715 617 10,
744 551 844 603 40.
896 545 994 614 ll,
1039 546 1131 601 14.
1178 575 1250 585 -
1339 544 1434 598 17.
1480 548 1750 627 Β737ἾΠΠ
1783 549 2124 631 antu-³:
2166 542 2318 605 Nam

103 630 502 685 internecione
529 647 626 687 cos
661 628 1000 699 devovebis,
1046 627 1120 687 cf.
1156 631 1216 698 7,
1256 630 1306 683 1.
1337 628 1394 682 2.
1434 627 1498 697 2,
1535 607 1637 682 32.
1674 629 1793 683 Jos.
1830 608 2020 699 6,18.
2088 612 2177 687 De
2209 650 2317 707 po·-

103 716 270 770 steris
301 722 512 784 tamen,
549 717 648 790 qui
677 715 867 770 relicti
902 722 1072 784 sunt,
1114 712 1175 770 id
1209 713 1462 789 intelligi
1495 729 1613 767 non
1646 720 1853 786 potest.
1910 709 2030 769 Neo
2055 713 2314 789 dubium,

101 800 240 872 quin
266 799 441 854 multi
469 801 760 854 evaserint
797 800 857 854 in
889 798 1115 854 vicinos
1150 816 1362 876 agros,
1407 795 1506 872 qui
1549 795 1744 852 eadem
1776 812 1944 871 pace,
1990 816 2159 873 quam
2192 797 2314 857 He-

97 881 253 940 braei
281 901 410 939 cum
438 884 646 939 vicinis
674 885 1013 953 coluerunt,
1066 883 1239 939 fruiti
1267 890 1442 955 sunt,
1506 879 1625 938 vid.
1660 880 1682 935 l
1709 878 1853 966 Reg.
1886 880 1950 955 9,
1979 883 2078 940 20.
2111 884 2211 942 21.

263 1051 355 1106 19.
385 1050 485 1112 20.
528 1059 1107 1142 ῖῖᾞι-ἾἹΣΠ-ἰε
1155 1047 1300 1106 Cum
1336 1047 1622 1127 oppidum
1665 1043 1869 1103 multis
1914 1045 2117 1106 diebus
2151 1049 2310 1111 obsi..

91 1133 286 1206 debis,
330 1143 398 1189 ut
431 1135 499 1191 id
524 1131 833 1212 oppugnes
871 1143 931 1190 et
960 1135 1209 1213 capias,
1252 1152 1370 1191 non
1413 1149 1757 1210 cor-rumpes
1804 1133 1935 1211 agri
1965 1151 2099 1204 ejus
2127 1155 2206 1192 ar
2210 1136 2310 1194 bo-

89 1238 209 1292 res,
248 1220 513 1276 immissa
547 1219 606 1273 in
639 1237 740 1275 eas
771 1220 1007 1275 securi·
988 1262 1003 1291 ‚
1045 1219 1282 1276 arbores
1320 1218 1733 1296 intelligendae
1766 1216 2308 1300 zuntfrugifcrae,

80 1305 317 1363 additur
366 1306 521 1359 enim
568 1297 745 1365 :2827
793 1315 849 1363 33
857 1315 949 1362 7373
993 1315 1099 1383 313,
1153 1323 1289 1360 nam
1337 1320 1414 1358 ex·
1461 1302 1540 1358 iis
1580 1301 1879 1371 vesceris,
1936 1302 1973 1357 i.
2011 1321 2059 1360 e.
2107 1322 2307 1367 earum

77 1389 389 1448 fructibus.
448 1387 606 1444 Haeo
638 1375 788 1443 ratio
815 1398 938 1458 est,
981 1371 1059 1445 ob·
1086 1407 1255 1464 quam
1287 1387 1592 1445 arboribus
1622 1384 1926 1465 frugiferis
1954 1389 2305 1463 parcendum

77 1474 234 1545 tuit3
272 1471 462 1547 quod,
525 1472 834 1544 nimirum,
893 1474 1022 1547 plus
1069 1473 1184 1529 sibi
1229 1472 1555 1531 obsidentes
1612 1471 1948 1528 nocuissent
1987 1469 2303 1551 israelitae,

76 1577 256 1634 quam
291 1556 540 1613 obsessis
576 1555 875 1628 hostibus,
911 1557 1047 1613 dum
1075 1575 1135 1613 se
1161 1556 1451 1615 fructibus
1481 1555 1752 1612 arborum
1785 1549 2100 1629 privarent.
2172 1552 2305 1616 So..

78 1643 283 1700 lebant
312 1654 450 1697 vero
482 1640 767 1696 interdum
801 1642 1038 1699 arbores
1063 1640 1381 1721 frugiferae
1422 1640 1596 1697 etiam
1630 1640 1701 1696 ab
1737 1639 2134 1696 obsessoribus
2168 1660 2304 1700 sue-

75 1726 234 1794 cicli,
282 1735 345 1781 ut
385 1722 684 1780 machinae
726 1728 910 1781 muris
957 1725 1251 1783 admoveri
1295 1727 1827 1811 possInt.a*t·ti132·t
1876 1730 1965 1805 V?-
1995 1729 2182 1783 effren
2231 1739 2305 1788 *z

75 1813 209 1871 *πῆλ’
216 1824 301 1867 733
336 1820 530 1894 ἾἾΒ73
564 1805 683 1867 ΝΞ)
719 1807 799 1864 [ιι
808 1808 915 1876 his
928 1811 1117 1867 verbis
1149 1809 1509 1886 explicandis
1538 1818 1597 1864 et
1627 1817 1764 1863 vett.
1795 1815 1851 1862 et
1865 1789 2117 1866 recent't.
2106 1785 2306 1872 baud

69 1911 287 1971 parum
276 1875 687 1950 laborarunt.
753 1863 963 1950 Plures
996 1904 1131 1950 ante
1159 1900 1337 1979 &xx-'3
1370 1891 1726 1950 subaudiunt
1762 1892 2303 1970 interrogationem,
2380 1939 2386 1948 .

73 1988 148 2036 ut
200 1976 314 2038 hoc
357 1976 529 2032 modo
575 1978 1008 2052 interpretanda
1038 1980 1161 2034 sint
1202 1980 1412 2035 verba.
1455 1994 1591 2032 num
1632 1976 1783 2031 enim
1809 1970 1971 2029 homo
2003 1985 2090 2031 est
2120 1977 2306 2036 arbor

67 2063 259 2138 agri,
306 2069 373 2115 ut
403 2061 608 2117 veniat
654 2080 695 2115 a
729 2071 1054 2138 conspectu
1085 2071 1187 2118 tuo
1218 2063 1280 2120 in
1309 2059 1658 2118 obsidione?
1711 2058 1875 2135 quasi
1903 2057 2092 2116 Moses
2116 2061 2310 2121 dicere

72 2147 379 2215 voluerit,
420 2145 657 2201 arbores
689 2165 802 2202 non
836 2164 959 2202 esse
989 2144 1286 2219 homines,
1325 2163 1509 2222 neque
1539 2146 1801 2201 rnilitum·
1823 2142 1938 2198 vim
1971 2142 2201 2219 habere,
2238 2159 2307 2206 ut

60 2233 242 2288 intra
286 2229 487 2286 urbem
527 2249 587 2287 se
632 2232 972 2305 recipientes
1020 2250 1280 2309 pugnare
1313 2241 1520 2288 eontra
1546 2229 1835 2286 israelitas
1865 2228 2157 2302 valerent,
2199 2250 2305 2291 neo

53 2316 216 2387 adeo
252 2331 410 2385 esse,
457 2315 610 2390 quod
644 2316 706 2371 in
739 2334 871 2387 eas,
917 2327 1191 2391 tanquam
1223 2318 1284 2372 in
1314 2307 1529 2386 hostes,
1573 2315 1838 2383 irruant,
1875 2330 2085 2389 eosque
2114 2320 2305 2375 succi-

54 2401 265 2461 dendo
295 2400 623 2475 disperdere
654 2410 953 2457 conentur.
1041 2401 1110 2457 ln
1153 2400 1307 2457 bunc
1350 2416 1579 2455 sensum
1618 2395 1816 2454 LXX.
1845 2397 1930 2475 μὴ
1965 2392 2303 2480 ἅνθρωπος

49 2482 128 2555 τὸ
184 2478 383 2557 ξυλον
415 2483 511 2545 ro'
536 2486 602 2542 ἐν
646 2483 731 2559 τῷ
761 2484 953 2563 ἀγρῷ,
1011 2479 1306 2545 εἰσελθεῖν
1351 2481 1474 2541 ἀπὸ
1530 2503 1861 2559 προσωπου
1907 2504 2019 2544 σου
2061 2485 2145 2556 εἷς
2193 2487 2305 2548 τὸν

50 2567 358 2653 χάρακα·
334 2609 356 2636 ,
476 2569 597 2625 Nec
658 2571 827 2624 aliter
876 2568 1315 2644 Hieronymus,
1387 2568 1503 2623 nisi
1564 2567 1716 2643 quod
1777 2568 2300 2647 interrogationem

46 2654 392 2733 negatione
442 2651 784 2711 declaravit.
859 2650 1115 2729 Lignum
1161 2659 1289 2724 est,
1364 2659 1425 2708 et
1484 2669 1599 2707 non
1659 2647 1857 2719 homo,
1938 2671 2043 2708 ncc
2085 2665 2303 2732 potest

47 2736 429 2801 bellantium
458 2736 687 2793 'contra
737 2746 796 2792 te
818 2755 1141 2801 numerum
1176 2753 1416 2813 augere.
1517 2733 1739 2793 Eodem
1785 2734 1957 2792 modo
2005 2735 2304 2801 Onkelos:

40 2822 371 2903 quoniam
385 2839 498 2876 non
527 2830 618 2876 est
648 2822 812 2889 sicut
843 2818 1006 2876 homo
1040 2806 1223 2878 arbor
1252 2820 1415 2896 agri,
1454 2829 1523 2887 ‚ut
1551 2820 1756 2876 veniat
1783 2828 1925 2875 ante
1959 2829 2018 2877 te
2050 2822 2112 2879 in
2143 2821 2303 2881 obsi-

41 2912 327 2967 dionem.
415 2904 670 2974 Sensim,
715 2924 879 2979 quem
923 2904 1243 2962 Chaldaeus
1296 2906 1614 2980 spectavit,
1661 2913 1748 2960 est
1792 2902 1917 2961 hie.
1964 2907 2200 2963 arbores
2238 2928 2302 2966 se

41 3010 181 3052 non
237 3007 442 3044 coram
486 2989 913 3062 obsessoribus,
957 3008 1056 3046 seu
1098 2989 1493 3065 spectantibus
1528 2990 1640 3059 iis,
1681 2990 1743 3044 in
1776 2988 1989 3046 urbem
2009 2984 2302 3050 obsessam

39 3077 369 3149 conjicere
404 3091 602 3147 posse,
644 3084 848 3130 contra
890 3092 989 3132 eos
1026 3085 1405 3154 pugnaturas,
1483 3070 1574 3130 Ita
1613 3072 1836 3148 Syrus:
1884 3081 1952 3128 ut
1982 3072 2211 3149 fugiat
2257 3096 2299 3134 a

35 3166 407 3237 conspectu
461 3166 562 3212 tuo
596 3159 667 3213 in
716 3157 912 3214 urbem
958 3158 1267 3216 obsessam.
1352 3155 1583 3214 Clarius
1617 3156 1674 3213 id
1705 3158 1992 3231 expressit
2023 3156 2301 3219 Saadias:

26 3242 436 3307 esistimans
471 3241 639 3318 apud
667 3250 725 3297 te
742 3243 948 3319 ,quod
976 3242 1222 3300 arbores
1251 3243 1453 3320 campi
1485 3242 1611 3297 sint
1661 3240 1822 3296 velut
1862 3237 2066 3315 homo,
2106 3245 2210 3320 qui
2238 3264 2304 3304 se

10 3335 175 3407 jam
214 3325 618 3385 absconderit
669 3343 708 3382 a
738 3337 1061 3405 conspectu
1108 3336 1210 3383 tuo
1253 3328 1316 3383 in
1352 3324 1690 3397 obsidione,
1729 3326 1769 3382 i.
1805 3344 1853 3381 e.
1899 3327 1962 3382 in
2005 3328 2147 3385 urbe
2193 3330 2300 3387 ob-

0 3434 233 3484 juga.
325 3413 491 3478 Quae
527 3413 962 3486 interpretatio,
1009 3414 1272 3489 quamvis
1305 3412 1387 3468 sit
1415 3412 1857 3485 antiquissima,
1903 3419 1970 3466 et
2000 3416 2303 3489 quamplu-

21 3506 241 3562 rimos
265 3489 693 3594 approbatores
714 3497 1020 3565 invenerit,
1055 3506 1247 3552 'tamen
1275 3498 1485 3553 merito
1514 3496 1872 3570 repudiatur,
1900 3496 2052 3570 quod
2081 3495 2302 3578 frigida

20 3587 231 3647 nimis
254 3593 325 3640 et
349 3580 572 3653 jejuna,
602 3598 706 3636 cur
735 3581 971 3637 arbores
988 3579 1322 3638 fructiferae
1352 3599 1473 3637 non
1503 3577 1851 3636 excidendae
1883 3576 2022 3653 sint,
2053 3579 2195 3640 haec
2220 3586 2302 3641 sit

20 3674 231 3742 ratio,
276 3664 433 3744 quia
462 3664 695 3720 arbores
730 3665 862 3720 illae
895 3684 1011 3721 non
1034 3667 1154 3721 sint
1187 3663 1474 3735 homines,
1516 3663 1769 3739 adeoque
1797 3663 2072 3723 Israelitis
2099 3667 2303 3726 urbem

21 3752 404 3818 obsessutis
431 3749 704 3806 resistere
728 3767 848 3817 non
867 3751 1116 3807 valeant.
1158 3748 1367 3806 Nonne
1400 3749 1549 3806 idem
1577 3750 1748 3803 etiam
1783 3749 1850 3805 de
1870 3751 2174 3809 arboribus
2208 3754 2302 3808 in-

14 3836 394 3901 fructuosis
443 3830 789 3890 dicendum?
874 3835 995 3891 Alii
1045 3844 1094 3892 rs
1124 3836 1347 3890 nomini
1391 3841 1517 3895 0¹7&
1547 3834 1921 3919 ριιιειιιίεειιιιι
1955 3833 2303 3894 vocativum

13 3926 329 3985 indicare
366 3921 711 3975 existimant
754 3916 846 3995 (ut
877 3917 969 3975 Ps.
1005 3914 1066 3991 9,
1066 3897 1243 3995 7),
1269 3901 1613 3995 εεηειιῖιιιμιε
1652 3910 1761 3973 loci
1793 3916 1994 3977 hunc
1978 3939 2038 3975 m
2069 3921 2303 3987 modum

13 4012 411 4071 declarant.
457 3999 642 4075 Nam,
689 4021 720 4058 o
753 3999 955 4076 homo,
1001 4001 1248 4060 arbores
1294 4002 1469 4079 agri,
1517 4005 1555 4058 i.
1586 4020 1632 4057 e.
1666 4002 2009 4077 sylvestres,
2052 4002 2302 4079 adsunt,

6 4093 264 4177 quibus
326 4086 424 4142 ad
462 4044 822 4144 obsidionem
865 4090 962 4143 uti
998 4088 1239 4165 possis,
1315 4085 1610 4142 machinas
1655 4100 1726 4143 ex
1773 4090 1844 4143 iis
1891 4087 2304 4158 construendo,

0 4186 171 4243 hinc
210 4191 353 4233 non
380 4180 504 4241 est,
549 4174 703 4248 quod
734 4171 1061 4230 fructuosas
1091 4170 1165 4227 ad
1193 4190 1361 4228 usum
1388 4169 1607 4227 huncce
1638 4170 1925 4228 adhibeas.
1973 4170 2061 4227 Ad
2093 4170 2300 4228 verba.

0 4271 149 4331 '572'
156 4274 262 4322 733
323 4258 534 4353 7³32&
578 4252 700 4320 Μ’)
751 4262 950 4355 minz
990 4265 1088 4340 γξ
1135 4271 1313 4332 quae
1324 4257 1558 4332 proprie
1609 4256 1694 4312 sic
1743 4255 2020 4311 vertenda
2058 4256 2302 4313 volunt.

0 4332 216 4416 arbo?
229 4329 427 4421 agri
452 4322 838 4445 adjunieitto
819 4327 909 4400 etit
938 4342 1071 4416 tibi,
1114 4349 1209 4399 ιιι
1215 4343 1422 4401 veniat
1365 4341 1829 4485 ιιὲῗιδοοὲαιιι
1847 4346 1917 4397 te
1945 4339 2010 4397 in
2044 4338 2306 4398 obsidio-
