2711 4758
357 273 510 349 318
943 279 1200 349 Exod.
1312 280 1473 373 Cap.
1511 300 1588 368 7,
1642 297 1754 368 29.
1808 274 1893 349 8,
1942 296 2006 387 a.

356 466 580 525 nuntur
610 474 676 545 et
697 447 1102 536 asservantur,
1148 485 1184 523 a
1225 439 1375 554 Ἶὲςτζξ
1418 438 1679 541 reliquus
1693 431 1857 534 faie.
1910 491 1984 506 --
2029 462 2131 523 29.
2173 466 2383 557 ηἳῗξξη
2413 470 2570 553 ῆζξη

249 578 262 595 σ
355 551 440 609 Et
473 551 538 606 in
586 558 646 605 te
678 558 742 605 et
786 550 847 605 in
888 549 1176 628 populum
1225 559 1420 623 tuum,
1476 550 1643 628 quasi
1688 548 1882 621 dicat,
1921 545 2082 619 fore,
2122 557 2223 619 ut,
2269 544 2391 605 no'n
2437 549 2569 607 con'-

357 646 550 693 tentae
585 635 786 691 domus
815 631 1078 713 ingredi,
1121 636 1278 711 ipsos
1312 633 1575 691 homines
1604 635 1900 708 impetant.
1958 642 2097 710 ¹⁵0²:
2130 626 2236 708 pro
2270 638 2393 722 73,
2433 653 2572 710 quo-

354 719 528 777 modo
555 718 678 791 cod.
714 717 870 775 Sam.
903 718 1106 793 habet,
1159 722 1255 805 qui
1288 729 1587 794 praetcrea
1616 726 1685 774 ut
1716 716 1812 773 Vs.
1856 720 1951 774 18.
1987 702 2090 774 ita
2122 726 2180 774 et
2210 715 2349 779 huic
2380 719 2568 776 addit:

357 812 516 863 naz-1⁸
569 813 710 862 ame
758 813 849 860 rs:
894 800 1036 865 7wa
1081 814 1291 865 ‘unz-1³7
1336 794 1516 864 niv-m
1556 801 1637 866 bs
1680 810 1910 887 paam
1958 811 2107 862 mu
2146 811 2310 863 nawa.
2402 794 2573 860 'runo

351 888 600 964 repetita
642 895 962 961 sequuntur
1005 888 1313 960 mandata,
1379 907 1525 966 quae
1568 894 1803 944 exstant
1843 885 1939 943 Vs.
1970 888 2071 943 26.
2097 905 2220 962 sqq.
2309 886 2390 945 At
2435 905 2570 959 rem,

353 991 500 1049 quae
528 990 629 1048 per
659 989 721 1028 se
752 970 938 1045 facile„
952 973 1339 1052 intelligitur,
1382 993 1503 1032 non
1534 990 1765 1030 necesse
1789 980 1919 1028 erat
1943 970 2157 1027 diserte
2185 989 2490 1048 exponere.

403 1142 426 1156 ‘
525 1138 661 1215 Cap.
699 1139 774 1209 8,
813 1139 876 1196 2.
945 1118 1049 1200 ¹727
1080 1148 1352 1220 ξῗιὲςξζ
1372 1136 1532 1218 553τηῖ
1575 1139 1660 1197 Et
1691 1122 1968 1198 ascendit
1996 1159 2186 1213 rana,
2226 1139 2571 1218 operuitque

354 1237 582 1284 terram
611 1224 896 1311 Aegypti.
980 1224 1128 1296 „Ex
1165 1222 1313 1299 a'qua
1350 1225 1476 1283 Nili
1504 1226 1681 1283 rubra
1698 1229 1761 1296 ,“
1803 1227 1999 1302 inquit
2038 1223 2431 1284 Eichhornius
2467 1225 2503 1295 1,
2531 1224 2569 1281 l.

354 1333 406 1389 p.
437 1311 537 1366 46.
567 1327 725 1385 sqq.,
783 1350 824 1380 „
843 1311 1196 1384 prorepsisse
1241 1310 1488 1387 legimus
1531 1328 1810 1388 ranarum
1843 1311 2208 1367 innumeram
2245 1308 2571 1366 multitudi-

352 1410 516 1467 nem3
559 1412 673 1470 qua
703 1394 766 1449 in
805 1412 868 1449 re
898 1387 1047 1451 nihil
1076 1402 1198 1469 est,
1254 1394 1409 1469 quod
1442 1389 1860 1451 'dubitationem
1888 1406 2137 1451 moreat.
2170 1426 2244 1439 —
2287 1424 2361 1435 —
2402 1392 2571 1449 Nulla

352 1491 511 1537 terra
539 1479 726 1555 magis
755 1477 1070 1534 exuberare
1101 1479 1253 1534 solet
1283 1481 1444 1535 ranis
1476 1497 1647 1554 quam
1683 1480 2017 1558 Aegyptus,
2062 1476 2369 1554 paludibus
2403 1480 2571 1533 innu-

347 1564 527 1623 meris
559 1572 618 1618 et
647 1563 812 1637 aquis
842 1562 1248 1640 stagnantibus
1279 1573 1410 1639 post
1440 1560 1568 1619 Nili
1599 1564 1660 1618 in
1689 1582 1794 1619 sua
1817 1565 2021 1620 littora
2049 1563 2320 1631 reditum,
2365 1561 2572 1636 djstin-

353 1659 465 1706 cta.
535 1645 862 1704 Dolendum
896 1659 1086 1702 autem
1116 1656 1254 1718 est,
1300 1646 1455 1723 quod
1487 1667 1653 1704 nemo
1697 1666 1932 1720 eorum,
1983 1650 2083 1723 qui
2111 1648 2442 1725 Aegyptum
2475 1642 2571 1702 ad-

353 1732 468 1791 huc
498 1731 800 1800 adierunt,
825 1738 832 1749 '
853 1748 1130 1787 ranarum
1158 1732 1240 1788 ibi
1272 1733 1718 1799 domesticarum
1760 1722 2331 1807 aliqua‘m'rationem
2361 1728 2573 1786 habue-

351 1821 468 1889 rit,
530 1825 598 1871 ut
647 1824 868 1890 tempus
913 1815 1103 1872 edocti
1136 1835 1424 1888 essemus,
1479 1835 1592 1893 quo
1638 1816 1770 1873 illae
1799 1815 2108 1891 perfectam
2140 1833 2303 1871 suam
2333 1813 2583 1871 formam·

343 1913 552 1960 nactae
582 1919 752 1956 coeco
787 1909 1029 1957 naturae
1061 1901 1347 1976 impulsu,
1405 1902 1670 1958 esuriant
1696 1903 1951 1973 insecta,
1997 1901 2258 1976 hancque
2280 1916 2457 1954 suam
2488 1896 2572 1955 fa-

349 2006 501 2044 mem
528 1985 862 2057 expleturae
895 1982 1100 2044 relicta
1130 1976 1280 2061 aqua
1308 1996 1524 2044 terram
1556 1995 1772 2061 petant.
1839 1984 1916 2043 At
1942 2005 2118 2062 quum
2153 1974 2401 2039 *vernum
2430 1993 2569 2039 tem-

350 2088 458 2150 pus
495 2068 816 2126 'res'etiam
863 2068 1182 2146 Aegyptias
1225 2072 1417 2127 medio
1464 2080 1532 2125 ut
1572 2071 1881 2145 plurimum
1928 2089 2120 2127 mense
2153 2066 2371 2125 Martio
2422 2082 2572 2125 nova

271 2163 282 2177 '
348 2159 471 2214 vita
503 2154 752 2224 animet,
797 2170 1027 2208 necesse
1057 2163 1179 2225 est,
1235 2164 1302 2212 ut
1335 2154 1441 2211 sub
1492 2152 1727 2209 initium
1767 2155 1987 2231 Aprilis
2024 2171 2202 2212 ranae
2249 2151 2325 2209 ad
2361 2154 2603 2210 coitum·

346 2240 758 2308 stimulentur,
800 2252 1064 2313 novaque
1095 2255 1167 2293 ex
1202 2257 1270 2293 eo
1299 2247 1470 2295 enata
1500 2238 1727 2295 soboles
1755 2258 1951 2296 mense
1982 2239 2138 2298 Julio
2168 2255 2295 2293 eam
2330 2235 2578 2295 formam

352 2320 644 2393 induerit,
679 2336 852 2398 *quae
882 2322 1374 2379 nutrimentorum
1406 2323 1477 2400 ab
1508 2340 1658 2400 aqua
1697 2322 1885 2381 adhuc
1916 2325 2415 2403 suppeditator-um
2446 2340 2577 2400 per·

352 2421 515 2467 taesa
559 2407 634 2465 ad
678 2406 1096 2483 prorependum
1143 2410 1206 2464 in
1250 2418 1467 2465 terram
1517 2410 1882 2485 impellatur,
1934 2419 2003 2467 ut
2045 2413 2269 2468 insecta
2313 2417 2573 2482 quaerat.

350 2493 543 2553 Moses
599 2494 819 2572 igitur,
876 2511 912 2549 a
959 2489 1263 2550 Pharaone
1305 2494 1379 2551 ad
1432 2512 1643 2552 novam
1696 2494 2222 2554 confabulationem
2266 2491 2576 2566 admissus,

350 2581 708 2648 elucescere,
748 2578 973 2652 inquit,
1016 2579 1212 2634 omnia
1247 2580 1500 2635 maxima
1535 2580 1777 2636 minima
1812 2581 1875 2635 in
1906 2580 2172 2660 Aegypto
2208 2574 2402 2634 ·Jovae
2434 2597 2575 2635 con-

350 2663 487 2720 silio
533 2662 883 2742 gubernari,
946 2678 1021 2716 ex
1064 2681 1167 2733 eo,
1224 2664 1379 2739 quod
1418 2664 1491 2721 ab
1524 2683 1592 2720 eo
1624 2665 1936 2739 quotannis
1964 2666 2265 2721 innumera
2294 2680 2576 2720 ranarum

350 2746 666 2822 multitudo
698 2766 772 2803 ex
809 2764 960 2823 aqua
989 2746 1065 2801 'in
1111 2750 1506 2804 continentem
1548 2747 1798 2824 Aegypti
1835 2751 2226 2823 propellatur3
2291 2747 2459 2820 cujus
2487 2747 2575 2804 rei

349 2831 631 2891 indicium
660 2850 818 2904 esse,
861 2829 1017 2907 quod
1045 2830 1155 2888 sibi
1181 2827 1280 2904 id,
1333 2831 1488 2907 quod
1534 2841 1760 2888 tautum
1802 2850 1926 2888 esse
1969 2834 2154 2907 possit
2194 2830 2365 2905 hujus
2393 2833 2576 2888 molc-

350 2921 498 2975 stiae
531 2919 659 2972 veri
690 2918 950 2972 auctoris
969 2956 988 2988 ,
1038 2916 1497 2994 significaverit,
1560 2933 1673 2990 qua
1704 2916 1933 2973 ratione
1958 2916 2579 2992 ranaecompelleren-

349 3014 481 3076 tur,
520 3011 591 3057 ut
617 3001 808 3058 sedem
837 3018 1000 3058 suam
1030 2998 1322 3057 humidam
1353 3009 1414 3057 et
1440 2999 1779 3075 paludosam
1805 3019 1935 3058 cum
1962 3003 2117 3058 sicca
2134 3008 2578 3057 commutarent.

333 3079 540 3146 'Moses
586 3087 774 3166 igitur
814 3084 1066 3141 artificio
1116 3086 1284 3141 nobis
1331 3085 1642 3163 incognito
1681 3102 1857 3162 ranas
1891 3086 2230 3143 catervatim
2268 3102 2344 3142 ex
2376 3085 2577 3142 vicina

349 3174 547 3248 aliqua
585 3170 796 3246 palude
830 3170 1096 3240 elicuisse
1133 3168 1449 3224 credendus
1483 3178 1607 3240 est,
1662 3186 1777 3244 quo
1817 3179 2010 3226 tamen
2056 3169 2422 3227 Pharaonem
2453 3186 2581 3226 non

349 3257 640 3326 convicit,
675 3251 953 3310 Jehovam
985 3250 1155 3326 hujus
1181 3270 1378 3309 rernm
1411 3252 1636 3309 ordinis
1669 3264 1963 3311 auctorem
2002 3273 2124 3312 esse
2143 3295 2162 3325 ,
2203 3248 2579 3332 quandoqui-

350 3339 477 3397 dem
518 3338 844 3396 sacerdotes
899 3337 1177 3416 Aegyptii
1215 3345 1403 3394 artem
1441 3337 1592 3395 idem
1633 3335 1967 3414 praestandi
2016 3341 2317 3396 callebant.
2405 3336 2578 3396 Unde

347 3424 714 3504 colligimus,
769 3420 971 3480 Mosen
1009 3432 1309 3498 praesente
1350 3441 1489 3501 rege
1526 3421 1817 3502 Aegyptio
1842 3441 1920 3479 ex
1945 3442 2064 3480 una
2101 3431 2329 3480 tantum
2361 3422 2581 3499 palude

347 3527 522 3569 ranas
552 3510 853 3580 elicuisse,
897 3524 1005 3564 nec
1035 3505 1226 3564 totam*
1247 3509 1446 3564 earum
1480 3507 1703 3582 copiam
1737 3508 1944 3579 simul,
1987 3518 2056 3565 ut
2094 3508 2438 3585 superstitio
2472 3507 2584 3564 ad-

343 3593 460 3653 huc
491 3592 772 3666 credidit,
818 3592 892 3649 ad
923 3593 1045 3665 ejus
1075 3602 1281 3649 nutum
1310 3609 1384 3647 ex
1410 3594 1577 3667 aquis
1607 3593 1864 3666 erupisse
1883 3631 1902 3663 ‚
1959 3592 2115 3667 quod
2145 3593 2198 3648 si
2230 3589 2451 3648 factum
2484 3608 2584 3646 es-

344 3687 471 3752 set,
522 3677 848 3735 sacerdotes
882 3678 1158 3757 Aegyptii
1208 3679 1337 3732 loco
1379 3678 1619 3732 omnino
1665 3676 1988 3748 caruissent
2031 3686 2091 3735 et
2134 3676 2587 3752 opportunitate

346 3762 549 3824 Mosen
593 3763 938 3819 aemulandi.
1018 3760 1144 3818 Hos
1191 3770 1383 3817 autem
1416 3759 1598 3847 Mosis
1637 3769 1698 3816 et
1736 3760 2157 3838 Aegyptiorum
2198 3759 2583 3819 sacerdotum

247 3865 256 3868 ·
346 3846 572 3906 artibus
604 3848 667 3903 in
700 3856 917 3904 terram
944 3847 1215 3924 pellectos
1242 3863 1518 3901 ranarum
1554 3845 1774 3920 primos
1806 3848 1971 3922 quasi
2002 3848 2149 3922 pilos
2181 3845 2588 3921 subsequutae

345 3943 484 3990 sunt
510 3934 765 4007 reliquae
797 3941 1096 4001 catervae,
1154 3938 1288 4007 post
1331 3938 1559 3985 nactam
1607 3928 1915 4004 perfectam
1962 3929 2203 3987 formam
2236 3930 2468 3986 insecta
2505 3945 2591 3985 ex

345 4020 628 4076 instinctu
669 4032 780 4072 suo
803 4016 1232 4092 quaesiturae.“
1269 4012 1498 4070 =Verum
1531 4011 1640 4069 hac
1672 4015 1760 4070 rei
1792 4013 1888 4070 hic
1917 4025 2192 4072 narratae
2221 4015 2591 4090 explicatio-

344 4122 418 4160 ne
457 4101 649 4178 verbis
689 4102 858 4175 plura
903 4116 1010 4176 pro
1058 4101 1247 4157 lubitu
1279 4097 1525 4171 inferri,
1588 4115 1760 4174 quam
1807 4093 2145 4176 simpliciter
2188 4097 2427 4170 dicunt,
2472 4098 2595 4155 vix

344 4196 435 4243 est
462 4186 615 4262 quod
648 4202 1000 4256 moneamus.
1084 4182 1463 4240 Boenaarus
1508 4181 1757 4239 Hier-oz.
1803 4181 1869 4240 P.
1904 4182 1977 4241 11.
2016 4181 2082 4241 L.
2112 4182 2169 4240 ὅ.
2211 4202 2260 4239 c.
2294 4183 2354 4240 2.
2401 4180 2593 4241 Tom-

343 4270 443 4327 ln.
486 4290 539 4344 p.
573 4271 714 4325 570.
756 4265 872 4347 (ed.
900 4261 1084 4346 Lips.)
1123 4263 1192 4325 de
1235 4287 1337 4338 eo,
1388 4267 1539 4343 quod
1584 4267 1680 4324 hic
1709 4277 2011 4327 narratum
2035 4269 2317 4348 legimus,
2359 4269 2449 4324 ita
2477 4269 2594 4342 ju·-

345 4354 539 4411 dicat:
617 4351 821 4427 „Cum
845 4351 1006 4412 Deus
1053 4352 1253 4412 Nilum
1277 4352 1479 4424 jubet,
1536 4355 1603 4409 ut
1628 4369 1805 4411 ranas
1832 4352 2151 4430 producat,
2216 4352 2371 4411 nihil
2405 4353 2597 4409 illum
