2711 4758
764 284 1054 370 Genea·
1155 266 1487 388 βαμβθ,
1549 278 1657 347 ¹4·
1735 279 1847 373 ¹.5.·,
2247 283 2395 359 195

165 468 328 530 infra
351 467 463 525 va.-
497 468 596 525 18.
674 466 752 538 δί
773 466 913 544 quid
942 465 1320 543 conjectando
1349 466 1728 540 assequimur,
1761 465 2016 528 familiae
2035 472 2216 531 trium
2243 474 2393 534 isto-

101 567 111 596 *
159 572 303 616 zum
349 553 608 610 filiorum
651 552 829 612 Esavi
870 554 1074 628 primis
1121 551 1478 627 temporibus
1526 567 1645 606 non
1681 561 1802 610 tam
1828 569 2169 630 numerosae
2208 557 2389 619 fuisse

167 639 481 708 videntur,
530 656 697 712 quam
725 635 992 712 Eliphasi
1017 646 1076 694 et
1103 634 1407 709 Rehuelis3
1450 633 1686 691 tandem
1719 655 1857 695 vero
1888 649 1947 695 et
1972 642 2131 716 ipsae
2159 644 2224 699 in
2250 646 2386 719 plu-

158 711 263 783 res
292 732 671 780 excreverunt
697 739 764 778 ac
794 722 1127 780 subdivisae
1155 731 1294 777 sunt
1316 736 1546 791 ramos,
1585 717 1744 775 infra
1774 722 1997 781 demum
2029 725 2125 782 Vs.
2143 729 2244 784 40.
2259 747 2383 808 sqq.

163 805 553 882 exponendos.
641 807 804 875 Quae
830 805 1184 878 familiarum
1214 803 1518 875 Jehuschi,
1564 800 1844 862 Jahelami
1883 817 1941 863 et
1967 806 2214 868 Corachi
2243 816 2382 873 sub·

63 927 74 934 ·
167 892 418 961 divisio,
461 893 596 965 quia
625 890 1008 966 probabiliter
1048 909 1170 954 non
1196 892 1362 964 prius
1401 889 1555 946 facta
1583 897 1705 961 est,
1768 908 1937 965 quam
1967 905 2249 973 regnante
2287 917 2380 954 se-

163 977 463 1053 quentium
511 977 750 1052 illorum
799 984 933 1031 octo
981 993 1187 1053 regum
1228 973 1655 1031 ldumaicorum
1696 975 1941 1047 ultim0,
2003 997 2183 1054 eoque
2227 980 2382 1044 Mosi

160 1077 410 1133 coaevo,
446 1058 686 1130 Hadaro
705 1099 724 1131 ,
762 1058 859 1116 Vs.
896 1059 996 1115 39.
1015 1100 1034 1133 ,
1072 1060 1262 1138 igitur
1289 1059 1622 1115 narrationi
1651 1056 1788 1115 huie
1819 1057 1888 1115 de
1917 1070 2048 1118 octo
2076 1061 2379 1123 Idumaeo-

159 1163 294 1224 rum
317 1145 557 1224 regibus
588 1145 814 1202 demum
845 1143 1101 1217 subjecta
1128 1152 1260 1201 est..
1314 1141 1363 1199 F
1368 1144 1579 1200 irmare
1608 1140 1760 1200 hauc
1798 1143 2189 1217 conjecturam
2215 1149 2379 1209 vide·
2406 1149 2409 1150 ⁷

160 1239 294 1301 tur,
339 1229 491 1304 quod
523 1240 728 1286 auctor
761 1225 1183 1286 Chronicorum
1215 1222 1248 1307 (
1266 1228 1320 1299 l,
1355 1229 1413 1299 1,
1452 1223 1575 1304 15.)
1619 1225 1769 1284 hanc
1809 1228 1992 1302 ipsam
2027 1230 2380 1291 subdivisio-

159 1332 292 1376 nem
322 1313 678 1370 familiarum
719 1313 899 1370 Esavi
930 1331 1003 1369 ex
1045 1312 1234 1370 tribus
1276 1310 1435 1369 hisce
1479 1311 1617 1368 filiis
1648 1314 1769 1386 ejus
1806 1330 1935 1384 cum
1963 1312 2212 1372 historia
2244 1328 2377 1377 octo

158 1400 391 1464 illorum
436 1416 675 1476 regum,
718 1416 786 1454 ac
817 1400 1163 1455 nominatim
1187 1391 1420 1469 ultimi,
1459 1398 1545 1452 ita
1578 1397 1925 1454 connexuit:
1977 1395 2230 1475 Cumque
2259 1420 2382 1458 mo..

155 1491 400 1540 rer-etur
416 1479 715 1538 Hacladus
751 1478 928 1561 (idem
962 1483 1061 1557 qui
1081 1481 1238 1558 apud
1254 1480 1457 1539 Mosen
1473 1479 1773 1537 Hadarus'
1795 1477 2168 1559 appellatur),
2200 1497 2381 1545 erant
2454 1509 2461 1516 ¹

141 1567 466 1646 principes
489 1565 909 1637 Idumaeorum,
931 1567 1226 1644 princeps
1264 1563 1547 1638 Thimna,
1587 1566 1837 1621 cetera-‘⁶
1901 1565 1969 1624 Ο.
1995 1565 2061 1624 Β.
2095 1567 2381 1627 Micam-:-

153 1665 248 1708 Lls
284 1652 346 1706 in
381 1648 538 1709 Diss.
577 1649 647 1706 de
681 1650 1001 1728 antiquiss.
1035 1645 1371 1708 Idumaeor.
1408 1647 1627 1707 histor.
1673 1647 1730 1724 ξ.
1766 1651 1860 1707 14.
1901 1652 1967 1707 in
2009 1649 2152 1729 Syll.
2185 1651 2253 1710 P.
2280 1653 2379 1715 Vl.

148 1754 188 1840 P
235 1845 242 1856 ·
335 1817 430 1875 15.
496 1818 868 1888 Enumeratis
903 1817 1042 1873 filiis
1076 1827 1137 1874 et
1175 1817 1484 1893 nepotibus
1515 1815 1696 1873 Esavi
1728 1805 2103 1875 recensentur
2139 1816 2383 1898 phylar·
2426 1803 2433 1818 ¹

154 1902 250 1960 chi·
283 1905 405 1960 illis
440 1903 575 1959 orti.
660 1896 920 1979 Ε’ξηέθξ
964 1902 1177 1979 capita
1195 1900 1621 1973 familiarum,
1678 1903 1779 1978 qui
1798 1902 2122 1980 principes
2153 1924 2382 1984 quoque

150 1987 510 2045 familiarum
550 1994 739 2043 erant.
821 1984 1106 2042 Videntur
1130 1985 1389 2042 Idumaei
1417 1984 1525 2042 hac
1569 2004 1712 2043 voce
1751 1986 1844 2041 usi
1883 2004 2007 2042 esse
2051 1985 2161 2044 hoc
2204 2009 2376 2050 sensu

150 2073 341 2152 inagis
378 2091 548 2149 quam
576 2068 863 2141 Hebraei,
902 2069 1053 2145 apud
1085 2087 1229 2145 quos
1264 2081 1454 2126 tamen
1500 2066 1627 2157 ηξκ,
1660 2069 1849 2141 mille,
1890 2063 2042 2126 uude
2075 2069 2271 2156 qnbtg,
2318 2087 2378 2134 et

135 2156 452 2237 familiam
500 2154 797 2235 significat*
829 2152 959 2211 Jud.
994 2157 1055 2227 6,
1097 2153 1210 2210 15..
1256 2155 1284 2210 1
1307 2153 1464 2211 Sam.
1489 2146 1594 2226 23’,
1625 2149 1726 2210 23'.
1782 2152 1955 2212 Mich.
1990 2154 2048 2229 5,
2090 2159 2141 2214 1.
2218 2157 2377 2217 Hinc

151 2237 317 2326 51³²:ss
361 2251 421 2298 et
463 2236 853 2297 chiliarchum
888 2250 1089 2297 notare
1132 2247 1352 2316 potest,
1399 2241 1499 2315 qui
1538 2241 1684 2295 alias
1726 2235 1855 2325 ἥξω
1896 2242 1994 2317 Rip
2024 2245 2373 2318 appellatur,

153 2336 244 2385 ut*
267 2326 377 2385 Ex.
410 2327 506 2398 18,
539 2313 689 2397 ²21„
744 2326 837 2382 vel
870 2322 1303 2403 phylarchum,
1362 2323 1417 2381 h.
1454 2343 1501 2381 e.
1547 2325 1736 2381 tribus
1781 2325 2087 2398 majorisve
2116 2326 2374 2387 familiae

151 2421 343 2487 caput.
404 2408 887 2483 „Observandum
915 2418 1004 2464 est
1030 2427 1243 2485 porro,
1276 2406 1469 2492 εμὲ-ις,
1510 2409 1820 2483 aliquando
1857 2427 1975 2465 non
2003 2413 2191 2469 solum
2212 2411 2373 2491 phy-

152 2492 457 2566 larchum,
511 2495 611 2569 sed
639 2495 1023 2569 metonymice
1054 2495 1240 2568 ipsam
1277 2491 1612 2571 significare
1654 2492 1876 2548 tribum
1915 2511 2018 2551 seu
2042 2494 2375 2570 familiam,
2466 2513 2470 2521 ·

151 2592 220 2643 ut
260 2577 443 2651 Zach.
471 2581 549 2650 -9,
585 2580 642 2636 7.
697 2578 765 2634 de
806 2577 1256 2634 Philistaeorum
1301 2578 1549 2657 populo,
1606 2577 1680 2634 ad
1719 2570 1905 2633 Deum
1948 2582 2373 2641 convertendo:

150 2664 277 2737 erit
318 2659 523 2747 21³sz
573 2663 736 2720 sicut
771 2659 1177 2740 phylarchus,
1233 2662 1274 2717 i.
1308 2680 1357 2717 e.
1402 2662 1555 2717 sicut
1597 2659 1820 2717 familia
1860 2664 2046 2735 major
2096 2663 2179 2739 in*
2205 2663 2376 2722 Juda
2427 2651 2431 2661 ¹
2472 2692 2475 2697 ·

150 2748 254 2825 [cf.
280 2729 606 2809 notinostr.
637 2748 711 2803 ad
743 2745 799 2802 h.
825 2744 930 2821 l.],
975 2748 1113 2802 item
1149 2745 1246 2818 12,
1282 2744 1342 2825 5.
1374 2730 1443 2801 6)
1518 2743 1597 2801 Et
1623 2746 1709 2800 sic
1726 2739 1931 2802 vocem
1961 2748 2134 2803 istam
2168 2755 2373 2806 nostro

147 2836 279 2891 loco
311 2835 473 2907 capi,
517 2853 586 2888 eo
621 2834 814 2888 minus
846 2832 1082 2888 dubium
1123 2846 1247 2885 esse
1279 2838 1508 2906 potest,
1552 2847 1665 2904 quo
1694 2830 1884 2907 magis
1912 2833 2272 2905 reputaveris
2305 2833 2375 2891 de

148 2918 401 2996 singulis
435 2918 614 2974 Esavi
647 2915 988 2990 nepotibus,
1043 2916 1206 2971 nullo
1253 2933 1455 2979 eorum
1485 2922 1761 2988 excepto,
1814 2931 1942 2980 eam
1988 2912 2122 2970 dici.
2193 2916 2379 2993 Atqui

147 3001 330 3061 Esavi
374 3012 611 3078 nepotes
657 3017 778 3056 non
822 2992 1019 3056 omnes
1060 3018 1127 3054 ac
1171 3000 1395 3077 singuli
1431 2997 1603 3057 duces
1651 3006 1754 3054 aut
1792 2994 2100 3073 phylarchi
2133 3002 2376 3058 exstite-

145 3096 307 3147 runt.
393 3085 474 3145 Ut
502 3086 646 3142 adeo
673 3102 876 3139 seusus
908 3085 1218 3142 verborum
1261 3087 1532 3171 qu-532,
1579 3075 1767 3160 ³53³}ss
1801 3075 1943 3164 Γιξζζ
1984 3079 2082 3137 hic
2112 3083 2223 3141 sit:
2263 3081 2377 3143 hac

123 3172 292 3246 'sunt
304 3169 631 3243 familiae,
676 3170 742 3225 in
778 3187 923 3245 quus
943 3168 1191 3247 posteri
1218 3167 1409 3224 Esavi
1439 3162 1807 3225 diitributae
1841 3175 2018 3239 sunt,
2056 3186 2234 3243 quae,
2274 3170 2377 3229 ubi

148 3273 392 3331 numero
435 3255 735 3312 hominum
778 3263 1117 3325 creverunt,
1160 3269 1297 3309 suos
1327 3254 1594 3333 singulae
1622 3248 1953 3308 habuerunt
1987 3249 2373 3329 phylarchos.

144 3337 328 3403 Plane
375 3348 443 3395 ut
487 3339 749 3396 Ismaiilis
793 3339 1139 3416 genealogia
1181 3348 1315 3413 post
1362 3345 1727 3394 enumeratos
1782 3335 1861 3391 12
1898 3338 2018 3408 ejus
2066 3332 2221 3397 filios
2263 3340 2374 3398 hac

146 3422 439 3480 clauditur
469 3424 720 3480 formula
749 3421 854 3494 25,
886 3424 1012 3478 16.:
1071 3419 1161 3476 Hi
1190 3430 1332 3478 sunt
1346 3421 1481 3495 filii
1512 3417 1824 3492 Ismaelis,
1864 3428 1927 3475 et
1959 3417 2104 3477 haec
2136 3427 2374 3484 nomina

145 3492 385 3581 eorum,
444 3508 508 3564 in
539 3508 693 3565 vicis
736 3516 798 3563 et
841 3504 1104 3564 castellis
1134 3505 1438 3583 ipsorum,
1496 3503 1798 3563 duodecim
1842 3500 2097 3591 mys-sb
2138 3513 2371 3602 οῆιςῆρῖ
2460 3568 2463 3575 ,

133 3590 499 3672 principes,
555 3595 593 3650 i.
626 3612 676 3650 e.
712 3592 966 3671 familiae
1007 3590 1291 3665 majores,
1352 3608 1490 3651 suos
1532 3572 2112 3666 singulae-habentes
2147 3596 2373 3668 princi-

93 3708 106 3718 ·
143 3694 284 3753 peS,
335 3677 653 3735 secundum
694 3687 901 3751 gentes
952 3694 1114 3735 suas.
1201 3677 1364 3745 Quae
1393 3674 1569 3732 verba
1611 3675 1932 3749 respiciunt
1964 3674 2036 3731 ad
2068 3687 2372 3756 antegres-

145 3777 273 3827 sam
310 3761 470 3818 illam
505 3762 575 3818 de
599 3760 843 3825 „ismaele
874 3761 1319 3836 promissionem
1370 3760 1666 3830 divinam,
1716 3759 1812 3833 17,
1848 3761 1948 3815 2⁰.
2032 3758 2190 3818 Hinc
2228 3781 2370 3820 vero

144 3860 328 3918 porro
357 3846 569 3920 liquet,
595 3845 918 3924 principes
959 3834 1130 3918 illos,
1177 3844 1246 3901 de
1272 3844 1481 3919 quibus
1505 3843 1571 3898 in
1603 3844 1960 3922 genealogiis
1993 3852 2119 3901 tum
2155 3844 2371 3903 Ismae-

141 3928 260 3999 lis,
309 3937 432 3985 tum
463 3929 641 3985 Esavi
683 3947 873 3987 sermo
917 3939 1037 4001 est,
1079 3947 1200 3985 non
1244 3926 1612 3986 successivos
1643 3927 1930 4007 intelligi,
1989 3946 2236 4005 quorum
2267 3930 2376 3988 alii

127 4011 296 4077 ralios
331 4014 395 4067 in
426 4013 679 4091 regenda
708 4022 952 4089 utraque
986 4024 1160 4090 gente
1201 4012 1598 4087 excepissent,
1637 4010 1739 4070 sed
1767 4012 2186 4083 simultatione,
2213 4011 2290 4081 iz.
2323 4032 2375 4071 e.

143 4095 252 4173 qui
283 4090 497 4153 ⁴eodem
533 4106 790 4172 tempore
831 4099 956 4153 suis
1005 4099 1227 4177 singuli
1272 4095 1511 4152 familiis
1555 4094 1974 4171 praefuerint.“
2059 4093 2122 4154 C.
2156 4096 2222 4155 Β.
2256 4096 2373 4157 Μι-

144 4193 412 4255 §Hamus
457 4183 522 4237 in
555 4178 711 4237 Diss.
760 4182 833 4239 ad
871 4180 970 4239 Vs.
1002 4182 1098 4241 14.
1142 4181 1297 4241 laud.
1333 4180 1391 4254 ξ.
1427 4182 1522 4237 11.
1568 4199 1623 4256 p.
1656 4182 1799 4239 218.
1841 4198 1965 4258 sqq.
2048 4178 2383 4260 Phylarch}

141 4280 278 4327 cum
305 4267 428 4321 suis
463 4264 758 4340 tribubus,
797 4269 898 4343 qui
926 4267 1035 4325 hoc
1063 4266 1163 4325 Vs.
1193 4268 1601 4337 recensentur,
1652 4264 1947 4337 Theman,
1987 4260 2219 4342 Omar,
2254 4267 2376 4329 za.

126 4343 262 4424 pho
293 4356 352 4404 et
379 4345 622 4421 Kenas,
663 4352 1012 4427 respondent
1041 4353 1182 4409 filiis
1209 4350 1475 4431 Euphasi
1506 4349 1605 4410 vs,
1647 4352 1746 4406 ll.
1791 4348 2164 4410 enumeratis.

1572 4434 1630 4494 N
1673 4435 1715 4490 2

1189 1729 1198 1738 s
