<?xml version="1.0" encoding="UTF-8"?>
<!DOCTYPE html PUBLIC "-//W3C//DTD XHTML 1.0 Transitional//EN"
    "http://www.w3.org/TR/xhtml1/DTD/xhtml1-transitional.dtd">
<html xmlns="http://www.w3.org/1999/xhtml" xml:lang="en" lang="en">
 <head>
  <title>
</title>
<meta http-equiv="Content-Type" content="text/html;charset=utf-8" />
  <meta name='ocr-system' content='tesseract 3.04.00' />
  <meta name='ocr-capabilities' content='ocr_page ocr_carea ocr_par ocr_line ocrx_word'/>
</head>
<body>
  <div class='ocr_page' id='page_1' title='image "./ernfridcarrosen01rosegoog/ernfridcarrosen01rosegoog_0375.png"; bbox 0 0 2711 4758; ppageno 0'>
   <div class='ocr_carea' id='block_1_1' title="bbox 611 233 2383 340">
    <p class='ocr_par' dir='ltr' id='par_1_1' title="bbox 611 233 2383 340">
     <span class='ocr_line' id='line_1_1' title="bbox 611 233 2383 340; baseline -0.006 -25.576"><span class='ocrx_word' id='word_1_1' title='bbox 611 233 985 321; x_wconf 39' lang='lat' dir='ltr'><strong>{Ex-od.</strong></span> <span class='ocrx_word' id='word_1_2' title='bbox 1098 247 1263 340; x_wconf 71' lang='lat' dir='ltr'><strong>Gap.</strong></span> <span class='ocrx_word' id='word_1_3' title='bbox 1304 244 1391 328; x_wconf 74' lang='lat'><strong>4»,</strong></span> <span class='ocrx_word' id='word_1_4' title='bbox 1465 240 1814 317; x_wconf 74' lang='lat'><strong>21—24.</strong></span> <span class='ocrx_word' id='word_1_5' title='bbox 2219 237 2383 319; x_wconf 81' lang='grc'><strong>’297</strong></span> 
     </span>
    </p>
   </div>
   <div class='ocr_carea' id='block_1_2' title="bbox 153 426 2453 1277">
    <p class='ocr_par' dir='ltr' id='par_1_2' title="bbox 153 426 2453 1266">
     <span class='ocr_line' id='line_1_2' title="bbox 160 426 2380 522; baseline -0.003 -30"><span class='ocrx_word' id='word_1_6' title='bbox 160 442 250 495; x_wconf 71' lang='lat'><strong>727</strong></span> <span class='ocrx_word' id='word_1_7' title='bbox 305 442 482 522; x_wconf 56' lang='lat' dir='ltr'><strong>mm?</strong></span> <span class='ocrx_word' id='word_1_8' title='bbox 550 430 708 509; x_wconf 83' lang='lat' dir='ltr'><strong>Ego</strong></span> <span class='ocrx_word' id='word_1_9' title='bbox 727 448 868 490; x_wconf 76' lang='lat' dir='ltr'><strong>vero</strong></span> <span class='ocrx_word' id='word_1_10' title='bbox 932 427 1254 504; x_wconf 79' lang='lat' dir='ltr'><strong>obfirmabo</strong></span> <span class='ocrx_word' id='word_1_11' title='bbox 1307 446 1414 488; x_wconf 77' lang='lat' dir='ltr'><strong>cor</strong></span> <span class='ocrx_word' id='word_1_12' title='bbox 1461 427 1595 509; x_wconf 76' lang='lat' dir='ltr'><strong>ejus</strong></span> <span class='ocrx_word' id='word_1_13' title='bbox 1642 446 1715 487; x_wconf 76' lang='lat' dir='ltr'><strong>no</strong></span> <span class='ocrx_word' id='word_1_14' title='bbox 1758 427 2041 489; x_wconf 76' lang='lat' dir='ltr'><strong>dimittat</strong></span> <span class='ocrx_word' id='word_1_15' title='bbox 2074 426 2380 508; x_wconf 79' lang='lat' dir='ltr'><strong>populum.</strong></span> 
     </span>
     <span class='ocr_line' id='line_1_3' title="bbox 153 504 2396 607; baseline -0.001 -32"><span class='ocrx_word' id='word_1_16' title='bbox 153 515 325 575; x_wconf 65' lang='lat' dir='ltr'><strong>&#39;Infra</strong></span> <span class='ocrx_word' id='word_1_17' title='bbox 369 519 445 590; x_wconf 88' lang='grc'><strong>7,</strong></span> <span class='ocrx_word' id='word_1_18' title='bbox 488 516 548 573; x_wconf 89' lang='grc'><strong>3.</strong></span> <span class='ocrx_word' id='word_1_19' title='bbox 606 517 792 586; x_wconf 64' lang='lat' dir='ltr'><strong>utitur</strong></span> <span class='ocrx_word' id='word_1_20' title='bbox 830 513 989 574; x_wconf 89' lang='lat' dir='ltr'><strong>Deus</strong></span> <span class='ocrx_word' id='word_1_21' title='bbox 1029 516 1209 573; x_wconf 79' lang='lat' dir='ltr'><strong>verbo</strong></span> <span class='ocrx_word' id='word_1_22' title='bbox 1257 510 1452 607; x_wconf 57' lang='grc' dir='ltr'><strong>ΠῶρΝ</strong></span> <span class='ocrx_word' id='word_1_23' title='bbox 1500 504 1812 571; x_wconf 77' lang='lat' dir='ltr'><strong>indm-abc.</strong></span> <span class='ocrx_word' id='word_1_24' title='bbox 1897 514 2068 582; x_wconf 81' lang='lat' dir='ltr'><strong>Quod</strong></span> <span class='ocrx_word' id='word_1_25' title='bbox 2110 511 2206 570; x_wconf 87' lang='lat' dir='ltr'><strong>hie</strong></span> <span class='ocrx_word' id='word_1_26' title='bbox 2249 509 2396 576; x_wconf 80' lang='lat' dir='ltr'><strong>Deo.</strong></span> 
     </span>
     <span class='ocr_line' id='line_1_4' title="bbox 160 580 2377 697; baseline -0.002 -39"><span class='ocrx_word' id='word_1_27' title='bbox 160 602 484 673; x_wconf 83' lang='lat' dir='ltr'><strong>tribuitur,</strong></span> <span class='ocrx_word' id='word_1_28' title='bbox 493 602 589 659; x_wconf 84' lang='lat' dir='ltr'><strong>id</strong></span> <span class='ocrx_word' id='word_1_29' title='bbox 616 601 677 675; x_wconf 83' lang='lat'><strong>9,</strong></span> <span class='ocrx_word' id='word_1_30' title='bbox 708 601 809 658; x_wconf 87' lang='grc'><strong>34.</strong></span> <span class='ocrx_word' id='word_1_31' title='bbox 851 599 1194 661; x_wconf 86' lang='lat' dir='ltr'><strong>Pharaoni‘</strong></span> <span class='ocrx_word' id='word_1_32' title='bbox 1176 602 1302 697; x_wconf 51' lang='lat' dir='ltr'><strong>apsi·</strong></span> <span class='ocrx_word' id='word_1_33' title='bbox 1316 580 1705 672; x_wconf 77' lang='lat' dir='ltr'><strong>adscribitur,</strong></span> <span class='ocrx_word' id='word_1_34' title='bbox 1746 592 1850 682; x_wconf 65' lang='grc' dir='ltr'><strong>ἢεξ</strong></span> <span class='ocrx_word' id='word_1_35' title='bbox 1876 608 2077 692; x_wconf 64' lang='lat'><strong>*72:21</strong></span> <span class='ocrx_word' id='word_1_36' title='bbox 2116 595 2377 655; x_wconf 79' lang='lat' dir='ltr'><strong>obdura-</strong></span> 
     </span>
     <span class='ocr_line' id='line_1_5' title="bbox 159 666 2377 765; baseline -0.002 -22"><span class='ocrx_word' id='word_1_37' title='bbox 159 686 370 762; x_wconf 75' lang='lat' dir='ltr'><strong>vitque</strong></span> <span class='ocrx_word' id='word_1_38' title='bbox 417 684 525 743; x_wconf 83' lang='lat' dir='ltr'><strong>cor</strong></span> <span class='ocrx_word' id='word_1_39' title='bbox 554 702 719 743; x_wconf 76' lang='lat' dir='ltr'><strong>suum</strong></span> <span class='ocrx_word' id='word_1_40' title='bbox 748 684 881 765; x_wconf 76' lang='lat' dir='ltr'><strong>ipse</strong></span> <span class='ocrx_word' id='word_1_41' title='bbox 926 692 988 740; x_wconf 81' lang='lat' dir='ltr'><strong>et</strong></span> <span class='ocrx_word' id='word_1_42' title='bbox 1029 675 1197 741; x_wconf 60' lang='lat' dir='ltr'><strong>bot-vi</strong></span> <span class='ocrx_word' id='word_1_43' title='bbox 1236 702 1389 756; x_wconf 76' lang='lat' dir='ltr'><strong>eJus.</strong></span> <span class='ocrx_word' id='word_1_44' title='bbox 1453 681 1583 741; x_wconf 85' lang='lat' dir='ltr'><strong>vid.</strong></span> <span class='ocrx_word' id='word_1_45' title='bbox 1624 692 1685 741; x_wconf 92' lang='lat' dir='ltr'><strong>et</strong></span> <span class='ocrx_word' id='word_1_46' title='bbox 1727 669 1884 740; x_wconf 87' lang='lat' dir='ltr'><strong>infra</strong></span> <span class='ocrx_word' id='word_1_47' title='bbox 1924 666 2122 756; x_wconf 87' lang='grc'><strong>7,13.</strong></span> <span class='ocrx_word' id='word_1_48' title='bbox 2182 683 2241 754; x_wconf 89' lang='grc'><strong>8,</strong></span> <span class='ocrx_word' id='word_1_49' title='bbox 2276 679 2377 739; x_wconf 87' lang='grc'><strong>32.</strong></span> 
     </span>
     <span class='ocr_line' id='line_1_6' title="bbox 161 766 2379 845; baseline -0.002 -18"><span class='ocrx_word' id='word_1_50' title='bbox 161 769 444 845; x_wconf 84' lang='lat' dir='ltr'><strong>Apposite</strong></span> <span class='ocrx_word' id='word_1_51' title='bbox 473 767 770 827; x_wconf 71' lang='lat' dir='ltr'><strong>Cuzfucus</strong></span> <span class='ocrx_word' id='word_1_52' title='bbox 801 769 876 826; x_wconf 90' lang='lat' dir='ltr'><strong>ad</strong></span> <span class='ocrx_word' id='word_1_53' title='bbox 904 767 1070 826; x_wconf 86' lang='lat' dir='ltr'><strong>h.1.:</strong></span> <span class='ocrx_word' id='word_1_54' title='bbox 1130 766 1334 842; x_wconf 74' lang='lat' dir='ltr'><strong>„Cum</strong></span> <span class='ocrx_word' id='word_1_55' title='bbox 1367 770 1518 844; x_wconf 86' lang='lat' dir='ltr'><strong>apud</strong></span> <span class='ocrx_word' id='word_1_56' title='bbox 1548 766 1745 825; x_wconf 80' lang='lat' dir='ltr'><strong>omnes</strong></span> <span class='ocrx_word' id='word_1_57' title='bbox 1777 778 2013 845; x_wconf 81' lang='lat' dir='ltr'><strong>gentes,</strong></span> <span class='ocrx_word' id='word_1_58' title='bbox 2053 778 2177 825; x_wconf 89' lang='lat' dir='ltr'><strong>tum</strong></span> <span class='ocrx_word' id='word_1_59' title='bbox 2199 768 2379 824; x_wconf 87' lang='lat' dir='ltr'><strong>etiam</strong></span> 
     </span>
     <span class='ocr_line' id='line_1_7' title="bbox 162 850 2453 931; baseline -0.002 -20"><span class='ocrx_word' id='word_1_60' title='bbox 162 853 320 930; x_wconf 84' lang='lat' dir='ltr'><strong>apud</strong></span> <span class='ocrx_word' id='word_1_61' title='bbox 354 852 681 927; x_wconf 71' lang='lat' dir='ltr'><strong>HeBraeos,</strong></span> <span class='ocrx_word' id='word_1_62' title='bbox 734 854 836 931; x_wconf 90' lang='lat' dir='ltr'><strong>qui</strong></span> <span class='ocrx_word' id='word_1_63' title='bbox 871 852 1231 912; x_wconf 80' lang='lat' dir='ltr'><strong>occasionem</strong></span> <span class='ocrx_word' id='word_1_64' title='bbox 1276 853 1554 931; x_wconf 81' lang='lat' dir='ltr'><strong>praebent</strong></span> <span class='ocrx_word' id='word_1_65' title='bbox 1598 853 1851 928; x_wconf 86' lang='lat' dir='ltr'><strong>cuipiam</strong></span> <span class='ocrx_word' id='word_1_66' title='bbox 1889 855 2009 927; x_wconf 70' lang='lat' dir='ltr'><strong>rei,</strong></span> <span class='ocrx_word' id='word_1_67' title='bbox 2054 854 2176 926; x_wconf 74' lang='lat' dir='ltr'><strong>eius</strong></span> <span class='ocrx_word' id='word_1_68' title='bbox 2206 868 2380 907; x_wconf 82' lang='lat' dir='ltr'><strong>causa</strong></span> <span class='ocrx_word' id='word_1_69' title='bbox 2437 850 2453 867; x_wconf 86' lang='lat'><strong><em>‘</em></strong></span> 
     </span>
     <span class='ocr_line' id='line_1_8' title="bbox 162 933 2382 1017; baseline -0.001 -23"><span class='ocrx_word' id='word_1_70' title='bbox 162 956 294 994; x_wconf 85' lang='lat' dir='ltr'><strong>esse</strong></span> <span class='ocrx_word' id='word_1_71' title='bbox 325 938 632 1011; x_wconf 88' lang='lat' dir='ltr'><strong>dicuntur,</strong></span> <span class='ocrx_word' id='word_1_72' title='bbox 690 939 956 1013; x_wconf 82' lang='lat' dir='ltr'><strong>quamvis</strong></span> <span class='ocrx_word' id='word_1_73' title='bbox 1000 937 1061 999; x_wconf 84' lang='lat' dir='ltr'><strong>id</strong></span> <span class='ocrx_word' id='word_1_74' title='bbox 1101 938 1255 1014; x_wconf 86' lang='lat' dir='ltr'><strong>quod</strong></span> <span class='ocrx_word' id='word_1_75' title='bbox 1295 946 1542 1017; x_wconf 85' lang='lat' dir='ltr'><strong>egerunt</strong></span> <span class='ocrx_word' id='word_1_76' title='bbox 1583 956 1687 1014; x_wconf 86' lang='lat' dir='ltr'><strong>per</strong></span> <span class='ocrx_word' id='word_1_77' title='bbox 1726 954 1787 993; x_wconf 85' lang='lat' dir='ltr'><strong>se</strong></span> <span class='ocrx_word' id='word_1_78' title='bbox 1838 955 1965 993; x_wconf 90' lang='lat' dir='ltr'><strong>eam</strong></span> <span class='ocrx_word' id='word_1_79' title='bbox 2010 956 2134 995; x_wconf 88' lang='lat' dir='ltr'><strong>rem</strong></span> <span class='ocrx_word' id='word_1_80' title='bbox 2161 933 2382 992; x_wconf 83' lang='lat' dir='ltr'><strong>efficere</strong></span> 
     </span>
     <span class='ocr_line' id='line_1_9' title="bbox 161 1019 2385 1101; baseline -0.003 -20"><span class='ocrx_word' id='word_1_81' title='bbox 161 1039 289 1081; x_wconf 80' lang='lat' dir='ltr'><strong>non</strong></span> <span class='ocrx_word' id='word_1_82' title='bbox 323 1022 597 1098; x_wconf 90' lang='lat' dir='ltr'><strong>potuerit.</strong></span> <span class='ocrx_word' id='word_1_83' title='bbox 680 1019 955 1101; x_wconf 58' lang='lat' dir='ltr'><strong>Vulgus,</strong></span> <span class='ocrx_word' id='word_1_84' title='bbox 993 1039 1068 1081; x_wconf 80' lang='lat' dir='ltr'><strong>ex</strong></span> <span class='ocrx_word' id='word_1_85' title='bbox 1111 1023 1275 1097; x_wconf 81' lang='lat' dir='ltr'><strong>cujus</strong></span> <span class='ocrx_word' id='word_1_86' title='bbox 1316 1022 1564 1081; x_wconf 86' lang='lat' dir='ltr'><strong>arbitrio</strong></span> <span class='ocrx_word' id='word_1_87' title='bbox 1604 1019 1816 1098; x_wconf 83' lang='lat' dir='ltr'><strong>pendet</strong></span> <span class='ocrx_word' id='word_1_88' title='bbox 1853 1022 2191 1100; x_wconf 75' lang='lat' dir='ltr'><strong>linguarum</strong></span> <span class='ocrx_word' id='word_1_89' title='bbox 2221 1038 2385 1091; x_wconf 86' lang='lat' dir='ltr'><strong>usus,</strong></span> 
     </span>
     <span class='ocr_line' id='line_1_10' title="bbox 156 1100 2385 1181; baseline -0.001 -20"><span class='ocrx_word' id='word_1_90' title='bbox 156 1123 332 1180; x_wconf 79' lang='lat' dir='ltr'><strong>saepe</strong></span> <span class='ocrx_word' id='word_1_91' title='bbox 369 1107 694 1163; x_wconf 78' lang='lat' dir='ltr'><strong>occasionis</strong></span> <span class='ocrx_word' id='word_1_92' title='bbox 722 1109 1002 1181; x_wconf 90' lang='lat' dir='ltr'><strong>majorem</strong></span> <span class='ocrx_word' id='word_1_93' title='bbox 1041 1100 1331 1164; x_wconf 86' lang='lat' dir='ltr'><strong>rationem</strong></span> <span class='ocrx_word' id='word_1_94' title='bbox 1375 1103 1582 1179; x_wconf 89' lang='lat' dir='ltr'><strong>habet,</strong></span> <span class='ocrx_word' id='word_1_95' title='bbox 1633 1123 1804 1181; x_wconf 87' lang='lat' dir='ltr'><strong>quam</strong></span> <span class='ocrx_word' id='word_1_96' title='bbox 1837 1123 2045 1163; x_wconf 84' lang='lat' dir='ltr'><strong>causae</strong></span> <span class='ocrx_word' id='word_1_97' title='bbox 2087 1105 2268 1180; x_wconf 88' lang='lat' dir='ltr'><strong>ipsius</strong></span> <span class='ocrx_word' id='word_1_98' title='bbox 2299 1102 2385 1159; x_wconf 78' lang='lat' dir='ltr'><strong>ef-</strong></span> 
     </span>
     <span class='ocr_line' id='line_1_11' title="bbox 158 1187 2385 1277; baseline -0.001 -30"><span class='ocrx_word' id='word_1_99' title='bbox 158 1189 433 1247; x_wconf 84' lang='lat' dir='ltr'><strong>ficientis.</strong></span> <span class='ocrx_word' id='word_1_100' title='bbox 512 1188 699 1266; x_wconf 86' lang='lat' dir='ltr'><strong>Saepe</strong></span> <span class='ocrx_word' id='word_1_101' title='bbox 727 1190 882 1266; x_wconf 87' lang='lat' dir='ltr'><strong>quod</strong></span> <span class='ocrx_word' id='word_1_102' title='bbox 908 1192 1058 1249; x_wconf 85' lang='lat' dir='ltr'><strong>alius</strong></span> <span class='ocrx_word' id='word_1_103' title='bbox 1083 1200 1473 1277; x_wconf 79' lang='lat' dir='ltr'><strong>consequutus</strong></span> <span class='ocrx_word' id='word_1_104' title='bbox 1499 1199 1590 1247; x_wconf 80' lang='lat' dir='ltr'><strong>est</strong></span> <span class='ocrx_word' id='word_1_105' title='bbox 1618 1187 1852 1246; x_wconf 85' lang='lat' dir='ltr'><strong>effectus</strong></span> <span class='ocrx_word' id='word_1_106' title='bbox 1884 1189 2007 1263; x_wconf 85' lang='lat' dir='ltr'><strong>ejus</strong></span> <span class='ocrx_word' id='word_1_107' title='bbox 2041 1187 2195 1265; x_wconf 88' lang='lat' dir='ltr'><strong>quod</strong></span> <span class='ocrx_word' id='word_1_108' title='bbox 2219 1196 2385 1244; x_wconf 77' lang='lat' dir='ltr'><strong>ante·-</strong></span> 
     </span>
    </p>
   </div>
   <div class='ocr_carea' id='block_1_3' title="bbox 53 1255 2387 1352">
    <p class='ocr_par' dir='ltr' id='par_1_3' title="bbox 53 1255 2387 1352">
     <span class='ocr_line' id='line_1_12' title="bbox 53 1255 2387 1352; baseline -0 -24"><span class='ocrx_word' id='word_1_109' title='bbox 53 1283 63 1300; x_wconf 81' lang='grc'><em>“</em></span> <span class='ocrx_word' id='word_1_110' title='bbox 162 1255 373 1346; x_wconf 83' lang='lat' dir='ltr'><strong>cessit,</strong></span> <span class='ocrx_word' id='word_1_111' title='bbox 427 1273 516 1331; x_wconf 84' lang='lat' dir='ltr'><strong>ita</strong></span> <span class='ocrx_word' id='word_1_112' title='bbox 551 1272 709 1330; x_wconf 89' lang='lat' dir='ltr'><strong>hunc</strong></span> <span class='ocrx_word' id='word_1_113' title='bbox 752 1272 962 1347; x_wconf 88' lang='lat' dir='ltr'><strong>habet,</strong></span> <span class='ocrx_word' id='word_1_114' title='bbox 1023 1275 1219 1352; x_wconf 73' lang='lat' dir='ltr'><strong>itaque</strong></span> <span class='ocrx_word' id='word_1_115' title='bbox 1263 1270 1363 1332; x_wconf 87' lang='lat' dir='ltr'><strong>de</strong></span> <span class='ocrx_word' id='word_1_116' title='bbox 1377 1292 1446 1331; x_wconf 86' lang='lat' dir='ltr'><strong>eo</strong></span> <span class='ocrx_word' id='word_1_117' title='bbox 1491 1270 1805 1352; x_wconf 86' lang='lat' dir='ltr'><strong>loquitur,</strong></span> <span class='ocrx_word' id='word_1_118' title='bbox 1843 1281 1911 1328; x_wconf 91' lang='lat' dir='ltr'><strong>ut</strong></span> <span class='ocrx_word' id='word_1_119' title='bbox 1951 1291 2072 1330; x_wconf 89' lang='lat' dir='ltr'><strong>non</strong></span> <span class='ocrx_word' id='word_1_120' title='bbox 2115 1272 2287 1328; x_wconf 88' lang='lat' dir='ltr'><strong>aliter</strong></span> <span class='ocrx_word' id='word_1_121' title='bbox 2315 1270 2387 1328; x_wconf 88' lang='lat' dir='ltr'><strong>de</strong></span> 
     </span>
    </p>
   </div>
   <div class='ocr_carea' id='block_1_4' title="bbox 162 1354 2391 1435">
    <p class='ocr_par' dir='ltr' id='par_1_4' title="bbox 162 1354 2391 1435">
     <span class='ocr_line' id='line_1_13' title="bbox 162 1354 2391 1435; baseline -0.002 -21"><span class='ocrx_word' id='word_1_122' title='bbox 162 1374 308 1414; x_wconf 78' lang='lat' dir='ltr'><strong>vero</strong></span> <span class='ocrx_word' id='word_1_123' title='bbox 351 1374 421 1414; x_wconf 86' lang='lat' dir='ltr'><strong>ac</strong></span> <span class='ocrx_word' id='word_1_124' title='bbox 463 1359 700 1434; x_wconf 83' lang='lat' dir='ltr'><strong>proprie</strong></span> <span class='ocrx_word' id='word_1_125' title='bbox 745 1358 903 1415; x_wconf 87' lang='lat' dir='ltr'><strong>dicto</strong></span> <span class='ocrx_word' id='word_1_126' title='bbox 939 1356 1145 1416; x_wconf 83' lang='lat' dir='ltr'><strong>effectu</strong></span> <span class='ocrx_word' id='word_1_127' title='bbox 1169 1359 1523 1435; x_wconf 84' lang='lat' dir='ltr'><strong>loqueretur.</strong></span> <span class='ocrx_word' id='word_1_128' title='bbox 1606 1358 1736 1425; x_wconf 79' lang='lat' dir='ltr'><strong>Quo</strong></span> <span class='ocrx_word' id='word_1_129' title='bbox 1768 1354 1987 1414; x_wconf 76' lang='lat' dir='ltr'><strong>factum</strong></span> <span class='ocrx_word' id='word_1_130' title='bbox 2024 1365 2257 1434; x_wconf 50' lang='lat' dir='ltr'><strong>eststut</strong></span> <span class='ocrx_word' id='word_1_131' title='bbox 2287 1355 2391 1429; x_wconf 85' lang='lat' dir='ltr'><strong>qui</strong></span> 
     </span>
    </p>
   </div>
   <div class='ocr_carea' id='block_1_5' title="bbox 163 1436 2391 1599">
    <p class='ocr_par' dir='ltr' id='par_1_5' title="bbox 163 1436 2391 1599">
     <span class='ocr_line' id='line_1_14' title="bbox 164 1436 2390 1518; baseline -0.001 -21"><span class='ocrx_word' id='word_1_132' title='bbox 164 1442 469 1518; x_wconf 80' lang='lat' dir='ltr'><strong>loquentes</strong></span> <span class='ocrx_word' id='word_1_133' title='bbox 505 1441 571 1499; x_wconf 90' lang='lat' dir='ltr'><strong>in</strong></span> <span class='ocrx_word' id='word_1_134' title='bbox 600 1439 909 1518; x_wconf 77' lang='lat' dir='ltr'><strong>Scriptura</strong></span> <span class='ocrx_word' id='word_1_135' title='bbox 951 1442 1344 1516; x_wconf 85' lang='lat' dir='ltr'><strong>inducuntur,</strong></span> <span class='ocrx_word' id='word_1_136' title='bbox 1385 1441 1584 1500; x_wconf 83' lang='lat' dir='ltr'><strong>codem</strong></span> <span class='ocrx_word' id='word_1_137' title='bbox 1614 1440 1788 1498; x_wconf 91' lang='lat' dir='ltr'><strong>modo</strong></span> <span class='ocrx_word' id='word_1_138' title='bbox 1824 1439 2006 1499; x_wconf 79' lang='lat' dir='ltr'><strong>animi</strong></span> <span class='ocrx_word' id='word_1_139' title='bbox 2050 1450 2218 1496; x_wconf 81' lang='lat' dir='ltr'><strong>sensa</strong></span> <span class='ocrx_word' id='word_1_140' title='bbox 2254 1436 2390 1495; x_wconf 69' lang='lat' dir='ltr'><strong>effe-t</strong></span> 
     </span>
     <span class='ocr_line' id='line_1_15' title="bbox 163 1521 2391 1599; baseline -0 -16"><span class='ocrx_word' id='word_1_141' title='bbox 163 1535 323 1583; x_wconf 79' lang='lat' dir='ltr'><strong>rant.</strong></span> <span class='ocrx_word' id='word_1_142' title='bbox 388 1524 522 1582; x_wconf 89' lang='lat' dir='ltr'><strong>Vid.</strong></span> <span class='ocrx_word' id='word_1_143' title='bbox 569 1543 617 1582; x_wconf 86' lang='lat' dir='ltr'><strong>e.</strong></span> <span class='ocrx_word' id='word_1_144' title='bbox 649 1544 697 1582; x_wconf 91' lang='lat' dir='ltr'><strong>c.</strong></span> <span class='ocrx_word' id='word_1_145' title='bbox 727 1522 932 1584; x_wconf 85' lang='lat' dir='ltr'><strong>Matth.</strong></span> <span class='ocrx_word' id='word_1_146' title='bbox 971 1527 1071 1599; x_wconf 90' lang='grc'><strong>10,</strong></span> <span class='ocrx_word' id='word_1_147' title='bbox 1111 1527 1213 1585; x_wconf 88' lang='grc'><strong>34.</strong></span> <span class='ocrx_word' id='word_1_148' title='bbox 1260 1526 1399 1584; x_wconf 86' lang='lat' dir='ltr'><strong>Luc.</strong></span> <span class='ocrx_word' id='word_1_149' title='bbox 1446 1527 1545 1599; x_wconf 83' lang='lat'><strong>12,</strong></span> <span class='ocrx_word' id='word_1_150' title='bbox 1585 1525 1688 1584; x_wconf 88' lang='grc'><strong>49.</strong></span> <span class='ocrx_word' id='word_1_151' title='bbox 1733 1524 1832 1581; x_wconf 86' lang='grc'><strong>51.</strong></span> <span class='ocrx_word' id='word_1_152' title='bbox 1912 1524 2199 1583; x_wconf 87' lang='lat' dir='ltr'><strong>Similiter</strong></span> <span class='ocrx_word' id='word_1_153' title='bbox 2227 1521 2391 1582; x_wconf 71' lang='lat' dir='ltr'><strong>Deus</strong></span> 
     </span>
    </p>
   </div>
   <div class='ocr_carea' id='block_1_6' title="bbox 157 1606 2549 1687">
    <p class='ocr_par' dir='ltr' id='par_1_6' title="bbox 157 1606 2549 1687">
     <span class='ocr_line' id='line_1_16' title="bbox 157 1606 2549 1687; baseline 0.001 -26"><span class='ocrx_word' id='word_1_154' title='bbox 157 1607 270 1675; x_wconf 78' lang='lat' dir='ltr'><strong>hic</strong></span> <span class='ocrx_word' id='word_1_155' title='bbox 306 1609 370 1668; x_wconf 86' lang='lat' dir='ltr'><strong>id</strong></span> <span class='ocrx_word' id='word_1_156' title='bbox 414 1627 477 1666; x_wconf 89' lang='lat' dir='ltr'><strong>se</strong></span> <span class='ocrx_word' id='word_1_157' title='bbox 510 1608 799 1666; x_wconf 85' lang='lat' dir='ltr'><strong>facturum</strong></span> <span class='ocrx_word' id='word_1_158' title='bbox 845 1611 1025 1684; x_wconf 85' lang='lat' dir='ltr'><strong>dicit,</strong></span> <span class='ocrx_word' id='word_1_159' title='bbox 1074 1614 1237 1687; x_wconf 82' lang='lat' dir='ltr'><strong>cujus</strong></span> <span class='ocrx_word' id='word_1_160' title='bbox 1270 1613 1363 1668; x_wconf 88' lang='lat' dir='ltr'><strong>rei</strong></span> <span class='ocrx_word' id='word_1_161' title='bbox 1392 1611 1621 1668; x_wconf 85' lang='lat' dir='ltr'><strong>occasio</strong></span> <span class='ocrx_word' id='word_1_162' title='bbox 1663 1619 1808 1667; x_wconf 87' lang='lat' dir='ltr'><strong>erat.</strong></span> <span class='ocrx_word' id='word_1_163' title='bbox 1881 1606 2049 1669; x_wconf 89' lang='lat' dir='ltr'><strong>Misit</strong></span> <span class='ocrx_word' id='word_1_164' title='bbox 2075 1606 2279 1666; x_wconf 81' lang='lat' dir='ltr'><strong>Mosen</strong></span> <span class='ocrx_word' id='word_1_165' title='bbox 2319 1607 2395 1664; x_wconf 88' lang='lat' dir='ltr'><strong>ad</strong></span> <span class='ocrx_word' id='word_1_166' title='bbox 2474 1621 2480 1627; x_wconf 84' lang='lat'><strong>·</strong></span> <span class='ocrx_word' id='word_1_167' title='bbox 2546 1616 2549 1621; x_wconf 88' lang='lat'>&#39;</span> 
     </span>
    </p>
   </div>
   <div class='ocr_carea' id='block_1_7' title="bbox 164 1690 2400 2024">
    <p class='ocr_par' dir='ltr' id='par_1_7' title="bbox 164 1690 2400 2024">
     <span class='ocr_line' id='line_1_17' title="bbox 164 1690 2396 1770; baseline -0.001 -19"><span class='ocrx_word' id='word_1_168' title='bbox 164 1691 573 1765; x_wconf 75' lang='lat' dir='ltr'><strong>Pharaonem,</strong></span> <span class='ocrx_word' id='word_1_169' title='bbox 628 1691 933 1770; x_wconf 84' lang='lat' dir='ltr'><strong>Mosesque</strong></span> <span class='ocrx_word' id='word_1_170' title='bbox 995 1704 1198 1753; x_wconf 84' lang='lat' dir='ltr'><strong>coram</strong></span> <span class='ocrx_word' id='word_1_171' title='bbox 1237 1713 1307 1752; x_wconf 86' lang='lat' dir='ltr'><strong>eo</strong></span> <span class='ocrx_word' id='word_1_172' title='bbox 1365 1697 1651 1753; x_wconf 79' lang='lat' dir='ltr'><strong>miracula</strong></span> <span class='ocrx_word' id='word_1_173' title='bbox 1692 1692 1868 1767; x_wconf 82' lang='lat' dir='ltr'><strong>fecit,</strong></span> <span class='ocrx_word' id='word_1_174' title='bbox 1936 1694 2144 1770; x_wconf 88' lang='lat' dir='ltr'><strong>quibus</strong></span> <span class='ocrx_word' id='word_1_175' title='bbox 2201 1690 2396 1768; x_wconf 76' lang='lat' dir='ltr'><strong>quivis</strong></span> 
     </span>
     <span class='ocr_line' id='line_1_18' title="bbox 167 1776 2394 1856; baseline -0.001 -22"><span class='ocrx_word' id='word_1_176' title='bbox 167 1778 329 1834; x_wconf 86' lang='lat' dir='ltr'><strong>alius</strong></span> <span class='ocrx_word' id='word_1_177' title='bbox 354 1787 648 1853; x_wconf 89' lang='lat' dir='ltr'><strong>permotus</strong></span> <span class='ocrx_word' id='word_1_178' title='bbox 676 1776 917 1849; x_wconf 83' lang='lat' dir='ltr'><strong>fuisset,</strong></span> <span class='ocrx_word' id='word_1_179' title='bbox 968 1787 1037 1835; x_wconf 90' lang='lat' dir='ltr'><strong>ut</strong></span> <span class='ocrx_word' id='word_1_180' title='bbox 1064 1777 1213 1839; x_wconf 82' lang='lat' dir='ltr'><strong>illud</strong></span> <span class='ocrx_word' id='word_1_181' title='bbox 1225 1819 1252 1852; x_wconf 11' lang='lat'><strong>,7</strong></span> <span class='ocrx_word' id='word_1_182' title='bbox 1290 1778 1446 1856; x_wconf 88' lang='lat' dir='ltr'><strong>quod</strong></span> <span class='ocrx_word' id='word_1_183' title='bbox 1476 1777 1636 1838; x_wconf 87' lang='lat' dir='ltr'><strong>Deus</strong></span> <span class='ocrx_word' id='word_1_184' title='bbox 1660 1777 1791 1836; x_wconf 88' lang='lat' dir='ltr'><strong>fieri</strong></span> <span class='ocrx_word' id='word_1_185' title='bbox 1822 1780 2123 1850; x_wconf 78' lang='lat' dir='ltr'><strong>voluerat,</strong></span> <span class='ocrx_word' id='word_1_186' title='bbox 2158 1777 2394 1833; x_wconf 76' lang='lat' dir='ltr'><strong>faceret.</strong></span> 
     </span>
     <span class='ocr_line' id='line_1_19' title="bbox 166 1860 2399 1943; baseline -0.001 -24"><span class='ocrx_word' id='word_1_187' title='bbox 166 1861 293 1920; x_wconf 85' lang='lat' dir='ltr'><strong>Sed</strong></span> <span class='ocrx_word' id='word_1_188' title='bbox 334 1863 433 1919; x_wconf 85' lang='lat' dir='ltr'><strong>ille</strong></span> <span class='ocrx_word' id='word_1_189' title='bbox 455 1866 459 1871; x_wconf 77' lang='grc'><em>’</em></span> <span class='ocrx_word' id='word_1_190' title='bbox 480 1861 618 1918; x_wconf 88' lang='lat' dir='ltr'><strong>inde</strong></span> <span class='ocrx_word' id='word_1_191' title='bbox 669 1862 1033 1920; x_wconf 83' lang='lat' dir='ltr'><strong>occasionem</strong></span> <span class='ocrx_word' id='word_1_192' title='bbox 1073 1864 1225 1939; x_wconf 86' lang='lat' dir='ltr'><strong>cepit</strong></span> <span class='ocrx_word' id='word_1_193' title='bbox 1259 1864 1613 1940; x_wconf 79' lang='lat' dir='ltr'><strong>pertinaciae</strong></span> <span class='ocrx_word' id='word_1_194' title='bbox 1656 1861 1991 1943; x_wconf 81' lang='lat' dir='ltr'><strong>augendae,</strong></span> <span class='ocrx_word' id='word_1_195' title='bbox 2044 1860 2201 1937; x_wconf 85' lang='lat' dir='ltr'><strong>quod</strong></span> <span class='ocrx_word' id='word_1_196' title='bbox 2243 1862 2399 1917; x_wconf 81' lang='lat' dir='ltr'><strong>inter</strong></span> 
     </span>
     <span class='ocr_line' id='line_1_20' title="bbox 166 1945 2400 2024; baseline -0.001 -21"><span class='ocrx_word' id='word_1_197' title='bbox 166 1948 363 2019; x_wconf 84' lang='lat' dir='ltr'><strong>mala,</strong></span> <span class='ocrx_word' id='word_1_198' title='bbox 427 1963 575 2021; x_wconf 82' lang='lat' dir='ltr'><strong>quae</strong></span> <span class='ocrx_word' id='word_1_199' title='bbox 621 1963 825 2021; x_wconf 86' lang='lat' dir='ltr'><strong>passus</strong></span> <span class='ocrx_word' id='word_1_200' title='bbox 873 1955 995 2017; x_wconf 85' lang='lat' dir='ltr'><strong>est,</strong></span> <span class='ocrx_word' id='word_1_201' title='bbox 1053 1946 1367 2006; x_wconf 83' lang='lat' dir='ltr'><strong>intervalla</strong></span> <span class='ocrx_word' id='word_1_202' title='bbox 1418 1946 1697 2024; x_wconf 85' lang='lat' dir='ltr'><strong>quaedam</strong></span> <span class='ocrx_word' id='word_1_203' title='bbox 1743 1946 2017 2019; x_wconf 81' lang='lat' dir='ltr'><strong>fuerunt,</strong></span> <span class='ocrx_word' id='word_1_204' title='bbox 2074 1955 2132 2004; x_wconf 89' lang='lat' dir='ltr'><strong>et</strong></span> <span class='ocrx_word' id='word_1_205' title='bbox 2181 1945 2400 2005; x_wconf 84' lang='lat' dir='ltr'><strong>similia</strong></span> 
     </span>
    </p>
   </div>
   <div class='ocr_carea' id='block_1_8' title="bbox 139 2027 2400 2188">
    <p class='ocr_par' dir='ltr' id='par_1_8' title="bbox 139 2027 2400 2188">
     <span class='ocr_line' id='line_1_21' title="bbox 139 2027 2400 2112; baseline 0 -24"><span class='ocrx_word' id='word_1_206' title='bbox 139 2032 463 2088; x_wconf 86' lang='lat' dir='ltr'><strong>-nonnulla</strong></span> <span class='ocrx_word' id='word_1_207' title='bbox 498 2030 783 2103; x_wconf 68' lang='lat' dir='ltr'><strong>miracula</strong></span> <span class='ocrx_word' id='word_1_208' title='bbox 815 2047 852 2087; x_wconf 87' lang='lat' dir='ltr'><strong>a</strong></span> <span class='ocrx_word' id='word_1_209' title='bbox 889 2031 1078 2109; x_wconf 86' lang='lat' dir='ltr'><strong>magis</strong></span> <span class='ocrx_word' id='word_1_210' title='bbox 1105 2032 1414 2112; x_wconf 71' lang='lat' dir='ltr'><strong>Aegyptiis</strong></span> <span class='ocrx_word' id='word_1_211' title='bbox 1460 2029 1615 2088; x_wconf 85' lang='lat' dir='ltr'><strong>facta</strong></span> <span class='ocrx_word' id='word_1_212' title='bbox 1643 2032 1811 2090; x_wconf 80' lang='lat' dir='ltr'><strong>vidit.</strong></span> <span class='ocrx_word' id='word_1_213' title='bbox 1893 2029 1999 2091; x_wconf 87' lang='lat' dir='ltr'><strong>Sic</strong></span> <span class='ocrx_word' id='word_1_214' title='bbox 2025 2027 2190 2090; x_wconf 84' lang='lat' dir='ltr'><strong>Deus‘</strong></span> <span class='ocrx_word' id='word_1_215' title='bbox 2215 2031 2400 2108; x_wconf 83' lang='lat' dir='ltr'><strong>perti-</strong></span> 
     </span>
     <span class='ocr_line' id='line_1_22' title="bbox 172 2112 1742 2188; baseline 0.001 -17"><span class='ocrx_word' id='word_1_216' title='bbox 172 2116 381 2172; x_wconf 85' lang='lat' dir='ltr'><strong>naciae</strong></span> <span class='ocrx_word' id='word_1_217' title='bbox 415 2112 757 2184; x_wconf 85' lang='lat' dir='ltr'><strong>Pharaonis</strong></span> <span class='ocrx_word' id='word_1_218' title='bbox 772 2117 1000 2173; x_wconf 88' lang='lat' dir='ltr'><strong>occasio</strong></span> <span class='ocrx_word' id='word_1_219' title='bbox 1026 2114 1175 2188; x_wconf 82' lang='lat' dir='ltr'><strong>fuit,</strong></span> <span class='ocrx_word' id='word_1_220' title='bbox 1214 2116 1316 2174; x_wconf 85' lang='lat' dir='ltr'><strong>sed</strong></span> <span class='ocrx_word' id='word_1_221' title='bbox 1346 2134 1469 2174; x_wconf 88' lang='lat' dir='ltr'><strong>non</strong></span> <span class='ocrx_word' id='word_1_222' title='bbox 1505 2133 1697 2174; x_wconf 81' lang='lat' dir='ltr'><strong>causa.</strong></span> <span class='ocrx_word' id='word_1_223' title='bbox 1699 2117 1742 2187; x_wconf 83' lang='lat'><strong>“.</strong></span> 
     </span>
    </p>
   </div>
   <div class='ocr_carea' id='block_1_9' title="bbox 139 2236 2426 3339">
    <p class='ocr_par' dir='ltr' id='par_1_9' title="bbox 139 2236 2426 3339">
     <span class='ocr_line' id='line_1_23' title="bbox 347 2236 2404 2346; baseline 0.003 -48"><span class='ocrx_word' id='word_1_224' title='bbox 347 2240 455 2299; x_wconf 89' lang='grc'><strong>22.</strong></span> <span class='ocrx_word' id='word_1_225' title='bbox 500 2240 604 2298; x_wconf 91' lang='grc'><strong>23.</strong></span> <span class='ocrx_word' id='word_1_226' title='bbox 666 2236 880 2329; x_wconf 34' lang='lat' dir='ltr'><strong>§noim</strong></span> <span class='ocrx_word' id='word_1_227' title='bbox 908 2241 1067 2337; x_wconf 55' lang='grc' dir='ltr'><strong>’ξοδδ</strong></span> <span class='ocrx_word' id='word_1_228' title='bbox 1110 2254 1213 2346; x_wconf 61' lang='grc' dir='ltr'><strong>’ξεῖ</strong></span> <span class='ocrx_word' id='word_1_229' title='bbox 1269 2240 1468 2301; x_wconf 78' lang='lat' dir='ltr'><strong>Filius</strong></span> <span class='ocrx_word' id='word_1_230' title='bbox 1516 2262 1713 2318; x_wconf 77' lang='lat' dir='ltr'><strong>meus,</strong></span> <span class='ocrx_word' id='word_1_231' title='bbox 1755 2244 2205 2325; x_wconf 77' lang='lat' dir='ltr'><strong>primogenitus</strong></span> <span class='ocrx_word' id='word_1_232' title='bbox 2242 2262 2404 2304; x_wconf 77' lang='lat' dir='ltr'><strong>meus</strong></span> 
     </span>
     <span class='ocr_line' id='line_1_24' title="bbox 182 2309 2403 2408; baseline 0.002 -22"><span class='ocrx_word' id='word_1_233' title='bbox 182 2335 285 2386; x_wconf 79' lang='lat' dir='ltr'><strong>est</strong></span> <span class='ocrx_word' id='word_1_234' title='bbox 317 2322 550 2400; x_wconf 72' lang='lat' dir='ltr'><strong>Israel,</strong></span> <span class='ocrx_word' id='word_1_235' title='bbox 593 2329 634 2385; x_wconf 88' lang='lat' dir='ltr'><strong>i.</strong></span> <span class='ocrx_word' id='word_1_236' title='bbox 669 2348 719 2386; x_wconf 90' lang='lat' dir='ltr'><strong>e.</strong></span> <span class='ocrx_word' id='word_1_237' title='bbox 756 2309 900 2406; x_wconf 71' lang='lat' dir='ltr'><strong>gens</strong></span> <span class='ocrx_word' id='word_1_238' title='bbox 927 2348 1068 2407; x_wconf 87' lang='lat' dir='ltr'><strong>prae</strong></span> <span class='ocrx_word' id='word_1_239' title='bbox 1091 2310 1336 2408; x_wconf 78' lang='lat' dir='ltr'><strong>rehquis</strong></span> <span class='ocrx_word' id='word_1_240' title='bbox 1359 2326 1508 2387; x_wconf 88' lang='lat' dir='ltr'><strong>mihi</strong></span> <span class='ocrx_word' id='word_1_241' title='bbox 1535 2349 1687 2388; x_wconf 84' lang='lat' dir='ltr'><strong>cara.</strong></span> <span class='ocrx_word' id='word_1_242' title='bbox 1751 2328 1938 2391; x_wconf 85' lang='lat' dir='ltr'><strong>Notat</strong></span> <span class='ocrx_word' id='word_1_243' title='bbox 1964 2327 2197 2404; x_wconf 81' lang='lat' dir='ltr'><strong>Jarchi,</strong></span> <span class='ocrx_word' id='word_1_244' title='bbox 2236 2334 2403 2393; x_wconf 66' lang='lat'><em>*17³3</em></span> 
     </span>
     <span class='ocr_line' id='line_1_25' title="bbox 180 2398 2409 2514; baseline 0.002 -44"><span class='ocrx_word' id='word_1_245' title='bbox 180 2411 284 2470; x_wconf 83' lang='lat' dir='ltr'><strong>hic</strong></span> <span class='ocrx_word' id='word_1_246' title='bbox 328 2421 535 2470; x_wconf 82' lang='lat' dir='ltr'><strong>notare</strong></span> <span class='ocrx_word' id='word_1_247' title='bbox 574 2407 762 2514; x_wconf 54' lang='lat' dir='ltr'><strong>wlff-ra</strong></span> <span class='ocrx_word' id='word_1_248' title='bbox 802 2414 1306 2490; x_wconf 75' lang='lat' dir='ltr'><strong>magnitudinem,</strong></span> <span class='ocrx_word' id='word_1_249' title='bbox 1347 2417 1802 2490; x_wconf 84' lang='lat' dir='ltr'><strong>praestantiam,</strong></span> <span class='ocrx_word' id='word_1_250' title='bbox 1856 2434 1971 2491; x_wconf 81' lang='lat' dir='ltr'><strong>qua</strong></span> <span class='ocrx_word' id='word_1_251' title='bbox 1999 2416 2134 2472; x_wconf 85' lang='lat' dir='ltr'><strong>aliis</strong></span> <span class='ocrx_word' id='word_1_252' title='bbox 2177 2398 2409 2492; x_wconf 79' lang='lat' dir='ltr'><strong>populis</strong></span> 
     </span>
     <span class='ocr_line' id='line_1_26' title="bbox 180 2476 2411 2575; baseline 0.001 -20"><span class='ocrx_word' id='word_1_253' title='bbox 180 2498 516 2570; x_wconf 82' lang='lat' dir='ltr'><strong>antecellit,</strong></span> <span class='ocrx_word' id='word_1_254' title='bbox 579 2476 876 2572; x_wconf 72' lang='lat' dir='ltr'><strong>beneficiis</strong></span> <span class='ocrx_word' id='word_1_255' title='bbox 925 2497 1143 2555; x_wconf 83' lang='lat' dir='ltr'><strong>divinis</strong></span> <span class='ocrx_word' id='word_1_256' title='bbox 1181 2499 1402 2575; x_wconf 87' lang='lat' dir='ltr'><strong>quibus</strong></span> <span class='ocrx_word' id='word_1_257' title='bbox 1454 2500 1751 2556; x_wconf 84' lang='lat' dir='ltr'><strong>ornandus</strong></span> <span class='ocrx_word' id='word_1_258' title='bbox 1812 2510 1982 2558; x_wconf 84' lang='lat' dir='ltr'><strong>esset.</strong></span> <span class='ocrx_word' id='word_1_259' title='bbox 2078 2498 2298 2559; x_wconf 86' lang='lat' dir='ltr'><strong>Eadem</strong></span> <span class='ocrx_word' id='word_1_260' title='bbox 2338 2501 2411 2558; x_wconf 86' lang='lat' dir='ltr'><strong>de</strong></span> 
     </span>
     <span class='ocr_line' id='line_1_27' title="bbox 181 2569 2411 2661; baseline 0.002 -23"><span class='ocrx_word' id='word_1_261' title='bbox 181 2599 364 2638; x_wconf 82' lang='lat' dir='ltr'><strong>causa</strong></span> <span class='ocrx_word' id='word_1_262' title='bbox 401 2579 499 2639; x_wconf 84' lang='lat' dir='ltr'><strong>Ps.</strong></span> <span class='ocrx_word' id='word_1_263' title='bbox 538 2582 656 2654; x_wconf 85' lang='lat'><strong>89,</strong></span> <span class='ocrx_word' id='word_1_264' title='bbox 699 2569 803 2640; x_wconf 82' lang='lat'><strong>28.</strong></span> <span class='ocrx_word' id='word_1_265' title='bbox 858 2580 1115 2642; x_wconf 84' lang='lat' dir='ltr'><strong>Davides</strong></span> <span class='ocrx_word' id='word_1_266' title='bbox 1161 2583 1380 2656; x_wconf 80' lang='lat' dir='ltr'><strong>dicitur</strong></span> <span class='ocrx_word' id='word_1_267' title='bbox 1414 2584 1862 2661; x_wconf 74' lang='lat' dir='ltr'><strong>primogenitus</strong></span> <span class='ocrx_word' id='word_1_268' title='bbox 1905 2602 2113 2661; x_wconf 78' lang='lat' dir='ltr'><strong>regum</strong></span> <span class='ocrx_word' id='word_1_269' title='bbox 2156 2584 2411 2642; x_wconf 85' lang='lat' dir='ltr'><strong>futurus.</strong></span> 
     </span>
     <span class='ocr_line' id='line_1_28' title="bbox 139 2645 2416 2754; baseline 0.001 -30"><span class='ocrx_word' id='word_1_270' title='bbox 139 2661 142 2672; x_wconf 42' lang='lat'>⁸</span> <span class='ocrx_word' id='word_1_271' title='bbox 189 2698 270 2711; x_wconf 92' lang='grc'><strong>--</strong></span> <span class='ocrx_word' id='word_1_272' title='bbox 316 2667 418 2724; x_wconf 90' lang='grc'><strong>23.</strong></span> <span class='ocrx_word' id='word_1_273' title='bbox 477 2661 642 2754; x_wconf 64' lang='lat'><strong>77²¹&amp;</strong></span> <span class='ocrx_word' id='word_1_274' title='bbox 667 2672 841 2730; x_wconf 54' lang='grc' dir='ltr'><strong>ἾἉΝἏ</strong></span> <span class='ocrx_word' id='word_1_275' title='bbox 892 2663 1051 2724; x_wconf 85' lang='lat' dir='ltr'><strong>Dico</strong></span> <span class='ocrx_word' id='word_1_276' title='bbox 1090 2645 1226 2724; x_wconf 74' lang='lat' dir='ltr'><strong>tibi.</strong></span> <span class='ocrx_word' id='word_1_277' title='bbox 1295 2666 1485 2724; x_wconf 84' lang='lat' dir='ltr'><strong>Verba</strong></span> <span class='ocrx_word' id='word_1_278' title='bbox 1512 2664 1661 2740; x_wconf 91' lang='lat' dir='ltr'><strong>Dei,</strong></span> <span class='ocrx_word' id='word_1_279' title='bbox 1708 2686 1831 2725; x_wconf 92' lang='lat' dir='ltr'><strong>non</strong></span> <span class='ocrx_word' id='word_1_280' title='bbox 1859 2667 2079 2740; x_wconf 82' lang='lat' dir='ltr'><strong>Mosis,</strong></span> <span class='ocrx_word' id='word_1_281' title='bbox 2141 2672 2241 2745; x_wconf 85' lang='lat' dir='ltr'><strong>qui</strong></span> <span class='ocrx_word' id='word_1_282' title='bbox 2270 2668 2416 2726; x_wconf 86' lang='lat' dir='ltr'><strong>haec</strong></span> 
     </span>
     <span class='ocr_line' id='line_1_29' title="bbox 182 2733 2416 2833; baseline 0 -24"><span class='ocrx_word' id='word_1_283' title='bbox 182 2754 255 2810; x_wconf 90' lang='lat' dir='ltr'><strong>in</strong></span> <span class='ocrx_word' id='word_1_284' title='bbox 300 2768 552 2828; x_wconf 88' lang='lat' dir='ltr'><strong>persona</strong></span> <span class='ocrx_word' id='word_1_285' title='bbox 598 2749 712 2809; x_wconf 86' lang='lat' dir='ltr'><strong>Dei</strong></span> <span class='ocrx_word' id='word_1_286' title='bbox 754 2733 1036 2829; x_wconf 86' lang='lat' dir='ltr'><strong>loquitur.</strong></span> <span class='ocrx_word' id='word_1_287' title='bbox 1116 2762 1354 2812; x_wconf 56' lang='grc' dir='ltr'><strong>ὮἿΞΒἿἾ</strong></span> <span class='ocrx_word' id='word_1_288' title='bbox 1412 2763 1654 2832; x_wconf 61' lang='grc' dir='ltr'><strong>’ΒΞ-ΠΝ,</strong></span> <span class='ocrx_word' id='word_1_289' title='bbox 1697 2747 1843 2833; x_wconf 54' lang='grc' dir='ltr'><strong>Πὶτρ,</strong></span> <span class='ocrx_word' id='word_1_290' title='bbox 1912 2750 2177 2828; x_wconf 74' lang='lat' dir='ltr'><strong>Dimitte</strong></span> <span class='ocrx_word' id='word_1_291' title='bbox 2211 2752 2416 2826; x_wconf 81' lang='lat' dir='ltr'><strong>filium</strong></span> 
     </span>
     <span class='ocr_line' id='line_1_30' title="bbox 181 2814 2417 2921; baseline 0.001 -30"><span class='ocrx_word' id='word_1_292' title='bbox 181 2853 375 2921; x_wconf 67' lang='lat' dir='ltr'><strong>meum</strong></span> <span class='ocrx_word' id='word_1_293' title='bbox 398 2844 471 2892; x_wconf 82' lang='lat' dir='ltr'><strong>ut</strong></span> <span class='ocrx_word' id='word_1_294' title='bbox 503 2852 592 2891; x_wconf 77' lang='lat' dir='ltr'><strong>mc</strong></span> <span class='ocrx_word' id='word_1_295' title='bbox 621 2834 823 2910; x_wconf 78' lang='lat' dir='ltr'><strong>colat3</strong></span> <span class='ocrx_word' id='word_1_296' title='bbox 882 2838 1021 2912; x_wconf 81' lang='lat' dir='ltr'><strong>quia</strong></span> <span class='ocrx_word' id='word_1_297' title='bbox 1046 2837 1205 2897; x_wconf 85' lang='lat' dir='ltr'><strong>filius</strong></span> <span class='ocrx_word' id='word_1_298' title='bbox 1235 2851 1399 2893; x_wconf 83' lang='lat' dir='ltr'><strong>meus</strong></span> <span class='ocrx_word' id='word_1_299' title='bbox 1435 2846 1557 2906; x_wconf 84' lang='lat' dir='ltr'><strong>est,</strong></span> <span class='ocrx_word' id='word_1_300' title='bbox 1599 2814 1730 2894; x_wconf 82' lang='lat' dir='ltr'><strong>ideo</strong></span> <span class='ocrx_word' id='word_1_301' title='bbox 1772 2854 1893 2893; x_wconf 90' lang='lat' dir='ltr'><strong>non</strong></span> <span class='ocrx_word' id='word_1_302' title='bbox 1918 2846 2082 2913; x_wconf 81' lang='lat' dir='ltr'><strong>potes</strong></span> <span class='ocrx_word' id='word_1_303' title='bbox 2106 2855 2237 2894; x_wconf 84' lang='lat' dir='ltr'><strong>eum</strong></span> <span class='ocrx_word' id='word_1_304' title='bbox 2267 2836 2417 2894; x_wconf 75' lang='lat' dir='ltr'><strong>deti-</strong></span> 
     </span>
     <span class='ocr_line' id='line_1_31' title="bbox 183 2918 2417 2995; baseline 0 -18"><span class='ocrx_word' id='word_1_305' title='bbox 183 2939 332 2978; x_wconf 78' lang='lat' dir='ltr'><strong>nere</strong></span> <span class='ocrx_word' id='word_1_306' title='bbox 367 2928 574 2977; x_wconf 84' lang='lat' dir='ltr'><strong>contra</strong></span> <span class='ocrx_word' id='word_1_307' title='bbox 617 2922 980 2978; x_wconf 81' lang='lat' dir='ltr'><strong>voluntatem</strong></span> <span class='ocrx_word' id='word_1_308' title='bbox 1018 2936 1237 2995; x_wconf 80' lang='lat' dir='ltr'><strong>meam3</strong></span> <span class='ocrx_word' id='word_1_309' title='bbox 1286 2921 1439 2994; x_wconf 66' lang='lat' dir='ltr'><strong>jussi</strong></span> <span class='ocrx_word' id='word_1_310' title='bbox 1479 2922 1634 2976; x_wconf 87' lang='lat' dir='ltr'><strong>enim</strong></span> <span class='ocrx_word' id='word_1_311' title='bbox 1676 2938 1807 2978; x_wconf 89' lang='lat' dir='ltr'><strong>eum</strong></span> <span class='ocrx_word' id='word_1_312' title='bbox 1851 2919 1998 2979; x_wconf 87' lang='lat' dir='ltr'><strong>mihi</strong></span> <span class='ocrx_word' id='word_1_313' title='bbox 2030 2938 2197 2978; x_wconf 86' lang='lat' dir='ltr'><strong>sacra</strong></span> <span class='ocrx_word' id='word_1_314' title='bbox 2227 2918 2417 2978; x_wconf 72' lang='lat' dir='ltr'><strong>facem</strong></span> 
     </span>
     <span class='ocr_line' id='line_1_32' title="bbox 189 3000 2419 3096; baseline -0 -33"><span class='ocrx_word' id='word_1_315' title='bbox 189 3007 259 3062; x_wconf 83' lang='lat' dir='ltr'><strong>in</strong></span> <span class='ocrx_word' id='word_1_316' title='bbox 291 3006 424 3063; x_wconf 90' lang='lat' dir='ltr'><strong>loco</strong></span> <span class='ocrx_word' id='word_1_317' title='bbox 461 3020 630 3079; x_wconf 87' lang='lat' dir='ltr'><strong>quem</strong></span> <span class='ocrx_word' id='word_1_318' title='bbox 658 3006 714 3060; x_wconf 91' lang='lat' dir='ltr'><strong>ei</strong></span> <span class='ocrx_word' id='word_1_319' title='bbox 740 3007 1103 3082; x_wconf 82' lang='lat' dir='ltr'><strong>praescripsi.</strong></span> <span class='ocrx_word' id='word_1_320' title='bbox 1183 3006 1273 3065; x_wconf 89' lang='lat' dir='ltr'><strong>Ad</strong></span> <span class='ocrx_word' id='word_1_321' title='bbox 1301 3005 1512 3061; x_wconf 84' lang='lat' dir='ltr'><strong>verba·</strong></span> <span class='ocrx_word' id='word_1_322' title='bbox 1528 3000 1740 3066; x_wconf 46' lang='lat' dir='ltr'><strong>finbzfi&#39;:</strong></span> <span class='ocrx_word' id='word_1_323' title='bbox 1774 3014 1989 3096; x_wconf 62' lang='lat' dir='ltr'><strong>¹5&amp;an</strong></span> <span class='ocrx_word' id='word_1_324' title='bbox 2003 3046 2022 3077; x_wconf 93' lang='lat'><strong>,</strong></span> <span class='ocrx_word' id='word_1_325' title='bbox 2077 3006 2419 3078; x_wconf 78' lang='lat' dir='ltr'><strong>notandum,</strong></span> 
     </span>
     <span class='ocr_line' id='line_1_33' title="bbox 175 3070 2422 3168; baseline -0.002 -18"><span class='ocrx_word' id='word_1_326' title='bbox 175 3097 217 3150; x_wconf 74' lang='lat'><strong>‘7</strong></span> <span class='ocrx_word' id='word_1_327' title='bbox 250 3107 375 3146; x_wconf 85' lang='lat' dir='ltr'><strong>esse</strong></span> <span class='ocrx_word' id='word_1_328' title='bbox 407 3107 511 3164; x_wconf 89' lang='lat' dir='ltr'><strong>pro</strong></span> <span class='ocrx_word' id='word_1_329' title='bbox 561 3098 678 3168; x_wconf 68' lang='grc' dir='ltr'><strong>ΞΝ</strong></span> <span class='ocrx_word' id='word_1_330' title='bbox 721 3088 814 3162; x_wconf 79' lang='lat' dir='ltr'><strong>si,</strong></span> <span class='ocrx_word' id='word_1_331' title='bbox 856 3101 924 3149; x_wconf 89' lang='lat' dir='ltr'><strong>ut</strong></span> <span class='ocrx_word' id='word_1_332' title='bbox 949 3092 1097 3146; x_wconf 87' lang='lat' dir='ltr'><strong>alias</strong></span> <span class='ocrx_word' id='word_1_333' title='bbox 1127 3088 1283 3149; x_wconf 86' lang='lat' dir='ltr'><strong>haud</strong></span> <span class='ocrx_word' id='word_1_334' title='bbox 1310 3108 1486 3163; x_wconf 89' lang='lat' dir='ltr'><strong>raro,</strong></span> <span class='ocrx_word' id='word_1_335' title='bbox 1527 3099 1595 3147; x_wconf 87' lang='lat' dir='ltr'><strong>ut</strong></span> <span class='ocrx_word' id='word_1_336' title='bbox 1625 3070 1981 3147; x_wconf 74' lang='lat' dir='ltr'><strong>⁸vertendum</strong></span> <span class='ocrx_word' id='word_1_337' title='bbox 2003 3090 2122 3162; x_wconf 82' lang='lat' dir='ltr'><strong>sit,</strong></span> <span class='ocrx_word' id='word_1_338' title='bbox 2140 3091 2223 3146; x_wconf 82' lang='lat' dir='ltr'><strong>si</strong></span> <span class='ocrx_word' id='word_1_339' title='bbox 2247 3107 2422 3148; x_wconf 75' lang='lat' dir='ltr'><strong>recu·</strong></span> 
     </span>
     <span class='ocr_line' id='line_1_34' title="bbox 189 3131 2421 3269; baseline -0 -37"><span class='ocrx_word' id='word_1_340' title='bbox 189 3175 360 3233; x_wconf 76' lang='lat' dir='ltr'><strong>saris</strong></span> <span class='ocrx_word' id='word_1_341' title='bbox 391 3190 521 3229; x_wconf 79' lang='lat' dir='ltr'><strong>cum</strong></span> <span class='ocrx_word' id='word_1_342' title='bbox 549 3170 892 3246; x_wconf 74' lang='lat' dir='ltr'><strong>dimittere,</strong></span> <span class='ocrx_word' id='word_1_343' title='bbox 944 3173 1126 3268; x_wconf 50' lang='lat'><strong>723:</strong></span> <span class='ocrx_word' id='word_1_344' title='bbox 1158 3183 1420 3269; x_wconf 55' lang='grc' dir='ltr'><strong><em>ψει-ηΝ</em></strong></span> <span class='ocrx_word' id='word_1_345' title='bbox 1460 3131 1589 3253; x_wconf 59' lang='grc' dir='ltr'><strong>ΞἾἾ</strong></span> <span class='ocrx_word' id='word_1_346' title='bbox 1631 3176 1731 3232; x_wconf 61' lang='lat'><strong>75:</strong></span> <span class='ocrx_word' id='word_1_347' title='bbox 1736 3184 1779 3233; x_wconf 87' lang='grc' dir='ltr'>Ν</span> <span class='ocrx_word' id='word_1_348' title='bbox 1824 3183 1958 3255; x_wconf 59' lang='lat' dir='ltr'><strong>mr!</strong></span> <span class='ocrx_word' id='word_1_349' title='bbox 2012 3192 2085 3231; x_wconf 80' lang='lat' dir='ltr'><strong>en</strong></span> <span class='ocrx_word' id='word_1_350' title='bbox 2115 3173 2224 3250; x_wconf 74' lang='lat' dir='ltr'><strong>e&#39;go</strong></span> <span class='ocrx_word' id='word_1_351' title='bbox 2257 3184 2421 3231; x_wconf 81' lang='lat' dir='ltr'><strong>tuum</strong></span> 
     </span>
     <span class='ocr_line' id='line_1_35' title="bbox 175 3240 2426 3339; baseline 0.001 -25"><span class='ocrx_word' id='word_1_352' title='bbox 175 3258 390 3334; x_wconf 77' lang='lat' dir='ltr'><strong>filium</strong></span> <span class='ocrx_word' id='word_1_353' title='bbox 411 3256 884 3335; x_wconf 78' lang='lat' dir='ltr'><strong>primogenitum</strong></span> <span class='ocrx_word' id='word_1_354' title='bbox 919 3243 1201 3317; x_wconf 53' lang='lat' dir='ltr'><strong>occidam.</strong></span> <span class='ocrx_word' id='word_1_355' title='bbox 1284 3257 1448 3317; x_wconf 87' lang='lat' dir='ltr'><strong>Haec</strong></span> <span class='ocrx_word' id='word_1_356' title='bbox 1481 3261 1688 3316; x_wconf 85' lang='lat' dir='ltr'><strong>ultima</strong></span> <span class='ocrx_word' id='word_1_357' title='bbox 1714 3240 1830 3316; x_wconf 77' lang='lat' dir='ltr'><strong>fuit</strong></span> <span class='ocrx_word' id='word_1_358' title='bbox 1872 3241 2047 3339; x_wconf 80' lang='lat' dir='ltr'><strong>plaga</strong></span> <span class='ocrx_word' id='word_1_359' title='bbox 2079 3258 2150 3316; x_wconf 87' lang='lat' dir='ltr'><strong>de</strong></span> <span class='ocrx_word' id='word_1_360' title='bbox 2179 3275 2292 3336; x_wconf 82' lang='lat' dir='ltr'><strong>qua</strong></span> <span class='ocrx_word' id='word_1_361' title='bbox 2333 3271 2426 3317; x_wconf 71' lang='lat' dir='ltr'><strong>ta-</strong></span> 
     </span>
    </p>
   </div>
   <div class='ocr_carea' id='block_1_10' title="bbox 155 3339 2430 3524">
    <p class='ocr_par' dir='ltr' id='par_1_10' title="bbox 155 3339 2430 3517">
     <span class='ocr_line' id='line_1_36' title="bbox 155 3339 2430 3455; baseline 0.001 -55"><span class='ocrx_word' id='word_1_362' title='bbox 155 3395 164 3400; x_wconf 84' lang='lat'><strong>-</strong></span> <span class='ocrx_word' id='word_1_363' title='bbox 191 3361 331 3402; x_wconf 87' lang='lat' dir='ltr'><strong>men</strong></span> <span class='ocrx_word' id='word_1_364' title='bbox 360 3340 522 3400; x_wconf 86' lang='lat' dir='ltr'><strong>Deus</strong></span> <span class='ocrx_word' id='word_1_365' title='bbox 549 3339 752 3400; x_wconf 87' lang='lat' dir='ltr'><strong>Mosen</strong></span> <span class='ocrx_word' id='word_1_366' title='bbox 781 3344 982 3400; x_wconf 83' lang='lat' dir='ltr'><strong>statim</strong></span> <span class='ocrx_word' id='word_1_367' title='bbox 1020 3346 1093 3404; x_wconf 86' lang='lat' dir='ltr'><strong>ab</strong></span> <span class='ocrx_word' id='word_1_368' title='bbox 1124 3345 1300 3403; x_wconf 90' lang='lat' dir='ltr'><strong>initio</strong></span> <span class='ocrx_word' id='word_1_369' title='bbox 1329 3353 1700 3455; x_wconf 85' lang='lat' dir='ltr'><strong>praemonet,</strong></span> <span class='ocrx_word' id='word_1_370' title='bbox 1755 3343 1912 3420; x_wconf 83' lang='lat' dir='ltr'><strong>quod</strong></span> <span class='ocrx_word' id='word_1_371' title='bbox 1939 3343 2201 3403; x_wconf 87' lang='lat' dir='ltr'><strong>omnium</strong></span> <span class='ocrx_word' id='word_1_372' title='bbox 2225 3347 2430 3427; x_wconf 81' lang='lat' dir='ltr'><strong>plaga—</strong></span> 
     </span>
     <span class='ocr_line' id='line_1_37' title="bbox 193 3429 968 3524; baseline -0.004 -38"><span class='ocrx_word' id='word_1_373' title='bbox 193 3446 331 3486; x_wconf 84' lang='lat' dir='ltr'><strong>rum</strong></span> <span class='ocrx_word' id='word_1_374' title='bbox 362 3434 514 3484; x_wconf 76' lang='lat' dir='ltr'><strong>esset</strong></span> <span class='ocrx_word' id='word_1_375' title='bbox 537 3429 968 3524; x_wconf 44' lang='lat' dir='ltr'><strong>gravissima.</strong></span> 
     </span>
    </p>
   </div>
   <div class='ocr_carea' id='block_1_11' title="bbox 193 3548 2449 3987">
    <p class='ocr_par' dir='ltr' id='par_1_11' title="bbox 198 3548 2442 3959">
     <span class='ocr_line' id='line_1_38' title="bbox 378 3548 2432 3642; baseline 0.003 -31"><span class='ocrx_word' id='word_1_376' title='bbox 378 3555 483 3611; x_wconf 92' lang='grc'><strong>24.</strong></span> <span class='ocrx_word' id='word_1_377' title='bbox 559 3548 754 3642; x_wconf 66' lang='lat'><strong>‘3&#39;7’2722</strong></span> <span class='ocrx_word' id='word_1_378' title='bbox 805 3552 883 3613; x_wconf 78' lang='lat' dir='ltr'><strong>Iu</strong></span> <span class='ocrx_word' id='word_1_379' title='bbox 916 3553 1286 3629; x_wconf 78' lang='lat' dir='ltr'><strong>diversorio,</strong></span> <span class='ocrx_word' id='word_1_380' title='bbox 1332 3557 1395 3613; x_wconf 88' lang='lat' dir='ltr'><strong>iu</strong></span> <span class='ocrx_word' id='word_1_381' title='bbox 1425 3557 1556 3613; x_wconf 87' lang='lat' dir='ltr'><strong>loco</strong></span> <span class='ocrx_word' id='word_1_382' title='bbox 1587 3554 2043 3632; x_wconf 86' lang='lat' dir='ltr'><strong>pernoctationis</strong></span> <span class='ocrx_word' id='word_1_383' title='bbox 2085 3554 2196 3638; x_wconf 87' lang='lat' dir='ltr'><strong>(ut</strong></span> <span class='ocrx_word' id='word_1_384' title='bbox 2224 3559 2432 3619; x_wconf 82' lang='lat' dir='ltr'><strong>Gencs.</strong></span> 
     </span>
     <span class='ocr_line' id='line_1_39' title="bbox 198 3631 2436 3732; baseline 0.003 -35"><span class='ocrx_word' id='word_1_385' title='bbox 198 3640 309 3710; x_wconf 81' lang='lat'><strong>43,</strong></span> <span class='ocrx_word' id='word_1_386' title='bbox 337 3631 487 3716; x_wconf 92' lang='grc'><strong>21).</strong></span> <span class='ocrx_word' id='word_1_387' title='bbox 573 3637 653 3726; x_wconf 53' lang='grc' dir='ltr'><strong>πῖ.</strong></span> <span class='ocrx_word' id='word_1_388' title='bbox 645 3649 730 3698; x_wconf 63' lang='lat'><strong>*7</strong></span> <span class='ocrx_word' id='word_1_389' title='bbox 775 3639 1056 3732; x_wconf 60' lang='lat' dir='ltr'><strong>7†7²2&lt;²³D*,2</strong></span> <span class='ocrx_word' id='word_1_390' title='bbox 1120 3637 1415 3699; x_wconf 78' lang='lat' dir='ltr'><strong>Occurrit</strong></span> <span class='ocrx_word' id='word_1_391' title='bbox 1464 3641 1523 3695; x_wconf 88' lang='lat' dir='ltr'><strong>ei</strong></span> <span class='ocrx_word' id='word_1_392' title='bbox 1561 3638 1755 3713; x_wconf 76' lang='grc' dir='ltr'><strong>Ιουα,</strong></span> <span class='ocrx_word' id='word_1_393' title='bbox 1809 3659 1916 3718; x_wconf 90' lang='lat' dir='ltr'><strong>pro</strong></span> <span class='ocrx_word' id='word_1_394' title='bbox 1968 3661 2082 3719; x_wconf 80' lang='lat' dir='ltr'><strong>quo</strong></span> <span class='ocrx_word' id='word_1_395' title='bbox 2120 3642 2321 3704; x_wconf 82' lang='lat' dir='ltr'><strong>LXX.</strong></span> <span class='ocrx_word' id='word_1_396' title='bbox 2374 3656 2436 3704; x_wconf 80' lang='lat' dir='ltr'><strong>et</strong></span> 
     </span>
     <span class='ocr_line' id='line_1_40' title="bbox 199 3718 2439 3806; baseline 0.002 -24"><span class='ocrx_word' id='word_1_397' title='bbox 199 3721 468 3782; x_wconf 81' lang='lat' dir='ltr'><strong>Onkelos</strong></span> <span class='ocrx_word' id='word_1_398' title='bbox 514 3733 689 3798; x_wconf 82' lang='lat' dir='ltr'><strong>atque</strong></span> <span class='ocrx_word' id='word_1_399' title='bbox 715 3721 939 3784; x_wconf 84' lang='lat' dir='ltr'><strong>Arabs</strong></span> <span class='ocrx_word' id='word_1_400' title='bbox 947 3737 1188 3802; x_wconf 88' lang='lat' dir='ltr'><strong>uterque</strong></span> <span class='ocrx_word' id='word_1_401' title='bbox 1237 3718 1487 3805; x_wconf 69' lang='grc' dir='ltr'><strong>ἅγγελος</strong></span> <span class='ocrx_word' id='word_1_402' title='bbox 1516 3726 1787 3803; x_wconf 80' lang='grc' dir='ltr'><strong>Κυρίου,</strong></span> <span class='ocrx_word' id='word_1_403' title='bbox 1846 3726 2087 3803; x_wconf 78' lang='lat' dir='ltr'><strong>angelus</strong></span> <span class='ocrx_word' id='word_1_404' title='bbox 2127 3727 2285 3800; x_wconf 79' lang='lat' dir='ltr'><strong>Dei,</strong></span> <span class='ocrx_word' id='word_1_405' title='bbox 2329 3749 2439 3806; x_wconf 90' lang='lat' dir='ltr'><strong>po-</strong></span> 
     </span>
     <span class='ocr_line' id='line_1_41' title="bbox 193 3807 2441 3890; baseline 0.002 -24.012"><span class='ocrx_word' id='word_1_406' title='bbox 193 3813 490 3880; x_wconf 83' lang='lat' dir='ltr'><strong>suerunt,</strong></span> <span class='ocrx_word' id='word_1_407' title='bbox 543 3807 698 3885; x_wconf 85' lang='lat' dir='ltr'><strong>quod</strong></span> <span class='ocrx_word' id='word_1_408' title='bbox 733 3810 843 3865; x_wconf 82' lang='lat' dir='ltr'><strong>sibi</strong></span> <span class='ocrx_word' id='word_1_409' title='bbox 877 3811 1221 3882; x_wconf 85' lang='lat' dir='ltr'><strong>persuadere</strong></span> <span class='ocrx_word' id='word_1_410' title='bbox 1260 3830 1381 3867; x_wconf 87' lang='lat' dir='ltr'><strong>non</strong></span> <span class='ocrx_word' id='word_1_411' title='bbox 1423 3822 1693 3888; x_wconf 86' lang='lat' dir='ltr'><strong>possent,</strong></span> <span class='ocrx_word' id='word_1_412' title='bbox 1745 3808 1935 3868; x_wconf 89' lang='lat' dir='ltr'><strong>Deum</strong></span> <span class='ocrx_word' id='word_1_413' title='bbox 1981 3812 2169 3890; x_wconf 89' lang='lat' dir='ltr'><strong>ipsum</strong></span> <span class='ocrx_word' id='word_1_414' title='bbox 2214 3814 2287 3870; x_wconf 87' lang='lat' dir='ltr'><strong>ad</strong></span> <span class='ocrx_word' id='word_1_415' title='bbox 2327 3811 2441 3870; x_wconf 86' lang='lat' dir='ltr'><strong>boc</strong></span> 
     </span>
     <span class='ocr_line' id='line_1_42' title="bbox 204 3893 2449 3987; baseline 0.002 -35"><span class='ocrx_word' id='word_1_416' title='bbox 204 3895 601 3952; x_wconf 85' lang='lat' dir='ltr'><strong>ministerium</strong></span> <span class='ocrx_word' id='word_1_417' title='bbox 641 3893 1020 3953; x_wconf 84' lang='lat' dir='ltr'><strong>descendisse.</strong></span> <span class='ocrx_word' id='word_1_418' title='bbox 1104 3894 1222 3954; x_wconf 79' lang='lat' dir='ltr'><strong>Sed</strong></span> <span class='ocrx_word' id='word_1_419' title='bbox 1266 3894 1337 3952; x_wconf 85' lang='lat' dir='ltr'><strong>cf.</strong></span> <span class='ocrx_word' id='word_1_420' title='bbox 1374 3895 1449 3953; x_wconf 81' lang='lat' dir='ltr'><strong>ad</strong></span> <span class='ocrx_word' id='word_1_421' title='bbox 1487 3898 1551 3970; x_wconf 88' lang='lat'><strong>3,</strong></span> <span class='ocrx_word' id='word_1_422' title='bbox 1588 3896 1648 3951; x_wconf 89' lang='grc'><strong>2.</strong></span> <span class='ocrx_word' id='word_1_423' title='bbox 1728 3893 2013 3954; x_wconf 76' lang='lat' dir='ltr'><strong>Suffixum</strong></span> <span class='ocrx_word' id='word_1_424' title='bbox 2056 3900 2120 3956; x_wconf 88' lang='lat' dir='ltr'><strong>in</strong></span> <span class='ocrx_word' id='word_1_425' title='bbox 2163 3907 2449 3987; x_wconf 54' lang='lat' dir='ltr'><strong>‘mzzgznw</strong></span> 
     </span>
    </p>
   </div>
   <div class='ocr_carea' id='block_1_12' title="bbox 212 3962 2574 4070">
    <p class='ocr_par' dir='ltr' id='par_1_12' title="bbox 212 3962 2574 4070">
     <span class='ocr_line' id='line_1_43' title="bbox 212 3962 2574 4070; baseline 0.002 -37"><span class='ocrx_word' id='word_1_426' title='bbox 212 3989 272 4033; x_wconf 91' lang='lat' dir='ltr'><strong>et</strong></span> <span class='ocrx_word' id='word_1_427' title='bbox 304 3980 366 4033; x_wconf 88' lang='lat' dir='ltr'><strong>in</strong></span> <span class='ocrx_word' id='word_1_428' title='bbox 399 3997 469 4035; x_wconf 89' lang='lat' dir='ltr'><strong>eo</strong></span> <span class='ocrx_word' id='word_1_429' title='bbox 505 3976 660 4052; x_wconf 90' lang='lat' dir='ltr'><strong>quod</strong></span> <span class='ocrx_word' id='word_1_430' title='bbox 689 3978 952 4054; x_wconf 81' lang='lat' dir='ltr'><strong>proxime</strong></span> <span class='ocrx_word' id='word_1_431' title='bbox 982 3982 1278 4057; x_wconf 85' lang='lat' dir='ltr'><strong>sequitur,</strong></span> <span class='ocrx_word' id='word_1_432' title='bbox 1323 3982 1561 4070; x_wconf 50' lang='lat'><strong>737773217,</strong></span> <span class='ocrx_word' id='word_1_433' title='bbox 1606 3979 1875 4038; x_wconf 61' lang='lat' dir='ltr'><strong>occidere</strong></span> <span class='ocrx_word' id='word_1_434' title='bbox 1910 3999 2038 4038; x_wconf 83' lang='lat' dir='ltr'><strong>eum</strong></span> <span class='ocrx_word' id='word_1_435' title='bbox 2074 3962 2462 4060; x_wconf 83' lang='lat' dir='ltr'><strong>(quaesivit),</strong></span> <span class='ocrx_word' id='word_1_436' title='bbox 2568 4026 2574 4038; x_wconf 88' lang='lat'><strong>.</strong></span> 
     </span>
    </p>
   </div>
   <div class='ocr_carea' id='block_1_13' title="bbox 211 4049 2456 4311">
    <p class='ocr_par' dir='ltr' id='par_1_13' title="bbox 212 4049 2456 4311">
     <span class='ocr_line' id='line_1_44' title="bbox 212 4049 2446 4145; baseline 0.003 -27"><span class='ocrx_word' id='word_1_437' title='bbox 212 4079 375 4130; x_wconf 85' lang='lat' dir='ltr'><strong>non,</strong></span> <span class='ocrx_word' id='word_1_438' title='bbox 423 4064 516 4122; x_wconf 86' lang='lat' dir='ltr'><strong>uti</strong></span> <span class='ocrx_word' id='word_1_439' title='bbox 556 4063 828 4120; x_wconf 85' lang='lat' dir='ltr'><strong>nonnulli</strong></span> <span class='ocrx_word' id='word_1_440' title='bbox 868 4065 1114 4138; x_wconf 78' lang='lat' dir='ltr'><strong>volunt,</strong></span> <span class='ocrx_word' id='word_1_441' title='bbox 1155 4064 1230 4123; x_wconf 88' lang='lat' dir='ltr'><strong>ad</strong></span> <span class='ocrx_word' id='word_1_442' title='bbox 1263 4049 1717 4145; x_wconf 86' lang='lat' dir='ltr'><strong>primogenitum</strong></span> <span class='ocrx_word' id='word_1_443' title='bbox 1743 4063 1926 4126; x_wconf 83' lang='lat' dir='ltr'><strong>Mosis</strong></span> <span class='ocrx_word' id='word_1_444' title='bbox 1969 4065 2190 4140; x_wconf 87' lang='lat' dir='ltr'><strong>filium,</strong></span> <span class='ocrx_word' id='word_1_445' title='bbox 2230 4064 2329 4121; x_wconf 88' lang='lat' dir='ltr'><strong>sed</strong></span> <span class='ocrx_word' id='word_1_446' title='bbox 2371 4065 2446 4125; x_wconf 80' lang='lat' dir='ltr'><strong>ad</strong></span> 
     </span>
     <span class='ocr_line' id='line_1_45' title="bbox 215 4144 2452 4228; baseline 0.003 -26"><span class='ocrx_word' id='word_1_447' title='bbox 215 4149 414 4219; x_wconf 79' lang='lat' dir='ltr'><strong>ipsum</strong></span> <span class='ocrx_word' id='word_1_448' title='bbox 443 4144 646 4204; x_wconf 81' lang='lat' dir='ltr'><strong>Mosen</strong></span> <span class='ocrx_word' id='word_1_449' title='bbox 679 4145 1041 4207; x_wconf 87' lang='lat' dir='ltr'><strong>referendum</strong></span> <span class='ocrx_word' id='word_1_450' title='bbox 1072 4159 1177 4207; x_wconf 86' lang='lat' dir='ltr'><strong>est.</strong></span> <span class='ocrx_word' id='word_1_451' title='bbox 1261 4151 1358 4208; x_wconf 84' lang='lat' dir='ltr'><strong>lta</strong></span> <span class='ocrx_word' id='word_1_452' title='bbox 1385 4161 1442 4207; x_wconf 84' lang='lat' dir='ltr'><strong>et</strong></span> <span class='ocrx_word' id='word_1_453' title='bbox 1473 4151 1696 4228; x_wconf 74' lang='lat' dir='ltr'><strong>Syrus:</strong></span> <span class='ocrx_word' id='word_1_454' title='bbox 1759 4158 1818 4206; x_wconf 78' lang='lat' dir='ltr'><strong>et</strong></span> <span class='ocrx_word' id='word_1_455' title='bbox 1853 4150 2152 4226; x_wconf 78' lang='lat' dir='ltr'><strong>quaesivit</strong></span> <span class='ocrx_word' id='word_1_456' title='bbox 2179 4147 2452 4208; x_wconf 75' lang='lat' dir='ltr'><strong>occidere</strong></span> 
     </span>
     <span class='ocr_line' id='line_1_46' title="bbox 211 4225 2456 4311; baseline 0.005 -29.086"><span class='ocrx_word' id='word_1_457' title='bbox 211 4225 448 4289; x_wconf 68' lang='lat' dir='ltr'><strong>Mosen.</strong></span> <span class='ocrx_word' id='word_1_458' title='bbox 536 4232 649 4298; x_wconf 78' lang='lat' dir='ltr'><strong>Qui</strong></span> <span class='ocrx_word' id='word_1_459' title='bbox 692 4233 848 4290; x_wconf 87' lang='lat' dir='ltr'><strong>enim</strong></span> <span class='ocrx_word' id='word_1_460' title='bbox 896 4232 977 4289; x_wconf 86' lang='lat' dir='ltr'><strong>in</strong></span> <span class='ocrx_word' id='word_1_461' title='bbox 1003 4236 1195 4291; x_wconf 76' lang='lat' dir='ltr'><strong>verbis</strong></span> <span class='ocrx_word' id='word_1_462' title='bbox 1229 4236 1698 4300; x_wconf 77' lang='lat' dir='ltr'><strong>antecedentibus</strong></span> <span class='ocrx_word' id='word_1_463' title='bbox 1725 4238 1921 4309; x_wconf 80' lang='lat' dir='ltr'><strong>jussus</strong></span> <span class='ocrx_word' id='word_1_464' title='bbox 1954 4242 2044 4291; x_wconf 83' lang='lat' dir='ltr'><strong>est</strong></span> <span class='ocrx_word' id='word_1_465' title='bbox 2087 4236 2241 4291; x_wconf 73' lang='lat' dir='ltr'><strong>viam</strong></span> <span class='ocrx_word' id='word_1_466' title='bbox 2279 4235 2456 4311; x_wconf 85' lang='lat' dir='ltr'><strong>inire,</strong></span> 
     </span>
    </p>
   </div>
   <div class='ocr_carea' id='block_1_14' title="bbox 214 4310 2460 4452">
    <p class='ocr_par' dir='ltr' id='par_1_14' title="bbox 214 4310 2460 4452">
     <span class='ocr_line' id='line_1_47' title="bbox 214 4310 2460 4416; baseline 0 -40"><span class='ocrx_word' id='word_1_467' title='bbox 214 4310 455 4385; x_wconf 74' lang='lat' dir='ltr'><strong>Moses,</strong></span> <span class='ocrx_word' id='word_1_468' title='bbox 503 4315 650 4373; x_wconf 86' lang='lat' dir='ltr'><strong>idem</strong></span> <span class='ocrx_word' id='word_1_469' title='bbox 692 4315 803 4374; x_wconf 84' lang='lat' dir='ltr'><strong>hoc</strong></span> <span class='ocrx_word' id='word_1_470' title='bbox 842 4315 1434 4389; x_wconf 74' lang='lat' dir='ltr'><strong>vs.c0mm0‹1issime</strong></span> <span class='ocrx_word' id='word_1_471' title='bbox 1462 4321 1815 4411; x_wconf 73' lang='lat' dir='ltr'><strong>intelligitur</strong></span> <span class='ocrx_word' id='word_1_472' title='bbox 1858 4321 1922 4416; x_wconf 81' lang='lat' dir='ltr'><strong>in</strong></span> <span class='ocrx_word' id='word_1_473' title='bbox 1951 4316 2054 4398; x_wconf 81' lang='lat' dir='ltr'><strong>via</strong></span> <span class='ocrx_word' id='word_1_474' title='bbox 2080 4315 2276 4379; x_wconf 72' lang='lat' dir='ltr'><strong>fuisse.</strong></span> <span class='ocrx_word' id='word_1_475' title='bbox 2343 4323 2460 4383; x_wconf 73' lang='lat' dir='ltr'><strong>Ac.</strong></span> 
     </span>
     <span class='ocr_line' id='line_1_48' title="bbox 2040 4411 2078 4452; baseline 0 0"><span class='ocrx_word' id='word_1_476' title='bbox 2040 4411 2078 4452; x_wconf 64' lang='lat' dir='ltr'><strong>c</strong></span> 
     </span>
    </p>
   </div>
  </div>
 </body>
</html>
