2711 4758
797 214 1090 298 Genea·
1193 197 1525 308 Gap-36,
1587 207 1695 277 14
1773 209 2119 304 153·
2283 215 2431 290 195

199 399 364 464 infra
386 398 500 457 Vs.-
532 398 630 455 18.
707 397 786 468 Si
809 397 950 474 quid
979 375 1358 472 conjectando
1387 396 1766 473 assequimur,
1798 395 2054 460 familiae
2073 404 2254 462 trium
2280 405 2430 465 isto-

127 499 138 527 ⁸
195 503 339 547 rum
385 485 643 541 filiorum
685 482 865 544 Esavi
908 484 1111 558 primis
1157 482 1515 557 temporibus
1563 499 1682 537 non
1720 491 1839 541 tam
1866 501 2206 560 numerosae
2246 487 2426 551 fuisse

202 570 517 639 videntur,
565 586 732 643 quam
760 565 1027 643 Eliphasi
1053 577 1112 626 et
1139 565 1444 640 Rehuelis;
1490 566 1721 623 tandem
1756 586 1895 626 vero
1926 579 1985 626 et
2009 572 2169 647 ipsae
2198 575 2261 631 in
2289 577 2424 651 plu-

194 673 300 714 res
327 663 705 711 excreverunt
732 668 800 708 ac
831 652 1163 710 subdivisae
1191 661 1330 707 sunt
1353 668 1583 722 ramos,
1624 649 1780 707 infra
1810 653 2034 710 demum
2067 655 2164 712 Vs.
2181 660 2283 715 40.
2267 678 2420 738 ..sqq

198 737 590 813 exponendos.
678 737 839 805 Quae
866 735 1221 810 familiarum
1250 733 1555 806 lehunum,
1599 732 1881 794 Jahelami
1920 748 1978 794 et
2005 736 2251 798 Coraehi
2282 746 2421 802 sub-

87 859 100 864 ·
202 822 454 891 divisio,
498 823 632 895 quia
661 820 1043 896 probabiliter
1083 839 1205 884 non
1232 821 1398 895 prius
1439 819 1591 876 facta
1619 830 1741 892 est,
1803 840 1974 898 quam
2005 836 2287 903 regnante
2325 847 2419 884 se-

197 907 500 984 quentium
550 907 786 964 illorum
835 915 969 962 octo
1015 924 1223 984 regum
1263 903 1688 962 Idumaicorum
1732 907 1977 979 ultimo,
2040 927 2221 985 eoque
2265 910 2421 976 Mosi

194 1007 448 1061 coaevo,
484 987 760 1062 Hadaro,
799 988 894 1047 Vs.
930 990 1069 1063 39„
1108 991 1297 1069 igitur
1326 990 1655 1045 narrationi
1687 987 1824 1048 huie
1854 990 1923 1046 de
1953 1001 2084 1051 octo
2113 992 2417 1054 Idumaeo-

193 1094 329 1152 rum
353 1074 594 1153 regibus
625 1074 850 1132 demum
881 1073 1137 1148 subjecta
1163 1083 1269 1131 est.
1350 1071 1615 1130 Firmare
1645 1070 1795 1131 hane
1835 1077 2225 1149 conjecturam
2253 1081 2417 1139 vide·
2446 1079 2447 1082 ’

193 1169 329 1232 tur,
374 1159 529 1234 quod
561 1170 764 1216 auctor
797 1156 1219 1215 Chronicorum
1252 1153 1358 1237 (1,
1392 1160 1450 1230 1,
1487 1153 1611 1234 15.)
1654 1155 1805 1216 hanc
1845 1160 2027 1234 ipsam
2062 1162 2418 1223 subdivisio-

193 1262 328 1303 nem
358 1243 715 1300 familiarum
756 1243 935 1300 Esavi
966 1261 1039 1299 ex
1080 1243 1271 1304 tribus
1312 1240 1471 1299 hisce
1515 1241 1653 1298 filiis
1686 1245 1805 1316 ejus
1842 1262 1970 1314 cum
1999 1244 2248 1303 historia
2282 1262 2413 1308 octo

191 1330 428 1394 illorum
473 1346 712 1405 regum,
755 1345 822 1384 ac
854 1329 1199 1385 nominatim
1227 1329 1456 1399 ultimi,
1497 1328 1582 1384 ita
1615 1328 1960 1384 connexuit·
2013 1328 2266 1407 Cumque
2295 1351 2418 1389 mo-

190 1422 436 1470 reretur
453 1409 752 1468 Hudadus
788 1407 965 1490 (idem
998 1413 1098 1488 qui
1119 1412 1275 1488 apud
1290 1410 1493 1469 Mosen
1509 1409 1809 1467 Hadarus
1830 1408 2204 1490 appellatur),
2234 1428 2417 1476 erant
2490 1439 2497 1446 ·

175 1497 503 1576 principes
529 1495 946 1567 idumaeorum,
967 1497 1261 1574 princeps
1299 1493 1585 1568 Thimna,
1623 1497 1873 1553 ceterass
1937 1496 2417 1559 C.B.M1cuAs-

189 1596 284 1639 us
318 1583 383 1636 in
417 1578 575 1637 Diss.
613 1579 682 1636 de
717 1581 1038 1658 antiquiss.
1072 1575 1406 1638 Idumaeor.
1443 1579 1662 1638 histor.
1708 1578 1766 1656 ξ.
1801 1583 1896 1639 14.
1937 1583 2003 1639 in
2044 1581 2187 1660 Syll.
2221 1582 2287 1643 P.
2316 1585 2414 1647 VI.

185 1684 243 1769 Ρ
371 1747 465 1805 15.
533 1748 904 1820 Enumeratis
938 1747 1078 1805 filiis
1112 1758 1173 1804 et
1212 1749 1519 1823 nepotibus
1549 1747 1730 1806 Esavi
1763 1760 2139 1808 recensentur
2174 1750 2416 1831 phylar-
2460 1735 2468 1750 ’

191 1832 290 1891 chi
320 1835 439 1891 illis
474 1834 609 1891 orti.
695 1827 952 1893 abab&
999 1833 1212 1910 capita
1230 1832 1655 1906 familiarum,
1713 1836 1814 1910 qui
1834 1834 2156 1912 principes
2188 1858 2415 1916 quoque

186 1917 543 1976 familiarum
585 1927 773 1976 erant.
856 1916 1142 1974 Videntur
1165 1915 1424 1973 Idumaei
1452 1916 1560 1972 hac
1603 1937 1745 1975 voce
1785 1920 1879 1974 usi
1918 1937 2042 1975 esse
2086 1918 2196 1977 hoc
2239 1943 2410 1982 sensu

185 2005 379 2083 inagis
413 2024 583 2082 quam
612 2001 898 2073 Hebraei,
938 2002 1088 2079 apud
1121 2018 1265 2078 quos
1299 2011 1490 2058 tamen
1536 1997 1663 2089 qb&
1695 2002 1885 2074 mille,
1925 2003 2077 2059 unde
2111 2001 2307 2088 ηὐκ,
2353 2020 2413 2066 et

171 2088 488 2164 furnilium
538 2087 832 2167 significati
864 2083 995 2144 Jud.
1031 2090 1091 2160 6,
1134 2085 1226 2143 15.
1293 2085 1501 2144 lSam.
1526 2068 1630 2159 23,
1641 2067 1762 2143 23.
1818 2085 2085 2162 Mich.5,
2126 2091 2178 2146 1.
2254 2090 2412 2150 Hinc

191 2169 354 2257 mbr-5
399 2183 457 2229 et
500 2168 890 2228 chiliarchum
924 2182 1126 2228 notare
1167 2181 1390 2248 potest,
1436 2175 1536 2249 qui
1574 2173 1721 2228 alias
1763 2168 1891 2258 ηέὲς
1932 2176 2029 2250 'le
2060 2176 2409 2250 appellatur,

193 2266 282 2314 ut
306 2257 414 2315 Ex.
447 2258 545 2327 18,
576 2247 727 2327 2.1,
782 2258 875 2313 vel
909 2254 1340 2334 phylarchum,
1398 2256 1454 2313 h.
1491 2277 1539 2314 e.
1584 2258 1772 2313 tribus
1818 2258 2123 2330 majorisve
2152 2258 2409 2319 familiae

189 2353 380 2419 eaput.
441 2339 924 2414 „Observandum
953 2348 1041 2396 est
1069 2360 1278 2417 porro,
1311 2339 1506 2425 ηιξ-Ν,
1546 2342 1857 2416 aliquando
1893 2359 2010 2397 non
2039 2344 2227 2401 solum
2250 2343 2409 2422 phy-

189 2424 495 2498 lat-chum,
549 2426 648 2485 sed
677 2427 1061 2501 metonymice
1091 2427 1275 2500 ipsam
1312 2425 1649 2503 significare
1690 2424 1910 2481 tribum
1950 2444 2052 2484 seu
2076 2427 2411 2503 familiam,

187 2523 256 2571 ut
296 2509 480 2585 Zach.
511 2512 587 2582 .‚9
623 2512 679 2566 7.
734 2511 802 2566 dc
843 2509 1291 2566 Philistaeorum
1336 2512 1585 2587 populo,
1642 2510 1715 2565 ad
1755 2507 1941 2567 Deum
1983 2514 2408 2573 convertendo.

188 2597 313 2669 erit
353 2590 561 2687 qabxz
610 2595 773 2652 sicut
809 2590 1213 2671 phylarchus,
1270 2594 1309 2649 i.
1343 2613 1392 2650 e.
1438 2594 1592 2649 sicut
1632 2592 1856 2649 familia
1896 2596 2081 2667 major
2130 2596 2193 2654 in
2240 2596 2411 2656 Juda
2462 2586 2467 2591 ⁵
2506 2626 2510 2631 ·

188 2679 296 2755 [ef.
315 2687 450 2737 not.
461 2690 644 2736 nostr.
675 2680 747 2735 ad
780 2675 966 2753 h.1.]‚
1014 2680 1150 2734 item
1185 2677 1282 2749 12,
1318 2676 1376 2733 5.
1410 2664 1481 2733 6
1553 2676 1632 2733 Et
1660 2679 1745 2732 sic
1762 2672 1967 2735 vocem
1995 2681 2168 2735 istam
2203 2692 2407 2741 nostro

183 2766 316 2821 loco
346 2766 511 2837 capi,
554 2783 623 2819 eo
658 2765 850 2819 minus
883 2763 1119 2821 dubium
1159 2780 1284 2818 esse
1315 2769 1544 2838 potest,
1588 2780 1701 2837 quo
1730 2763 1919 2840 magis
1948 2766 2306 2838 reputaveris
2340 2767 2409 2823 de

187 2848 439 2926 singulis
472 2848 649 2905 Esavi
686 2848 1025 2923 nepotibus,
1080 2848 1241 2903 nullo
1289 2865 1490 2909 eorum
1521 2855 1797 2920 excepto,
1851 2864 1977 2902 eam
2021 2846 2155 2903 dici.
2226 2848 2412 2925 Atqui

186 2931 368 2990 Esavi
411 2943 648 3008 nepotes
694 2949 814 2987 non
860 2950 1056 2988 omnes
1097 2950 1164 2987 ac
1209 2933 1431 3011 singuli
1467 2929 1638 2989 duces
1686 2938 1791 2986 aut
1828 2927 2132 3006 phylarcbi
2165 2935 2410 2990 exstite-

185 3026 344 3078 runt.
430 3016 512 3075 Ut
540 3017 684 3075 adeo
710 3033 914 3073 sensus
943 3017 1255 3074 verborum
1298 3020 1568 3103 ‘llys-⁸³:
1615 3008 1801 3092 ’φὶ-ἑξ
1838 3007 1977 3096 Πξᾶ
2017 3012 2114 3070 1ιίο
2144 3015 2256 3072 sit:
2297 3014 2411 3076 has

188 3110 328 3157 sunt
341 3099 668 3174 familiae
714 3102 778 3157 iu
815 3117 961 3176 quas
981 3101 1229 3179 posteri
1256 3082 1445 3158 Esavi
1475 3080 1844 3156 ‹liitri'bueao
1876 3108 2051 3171 sunt,
2088 3118 2267 3175 quae,
2307 3104 2411 3163 ubi

188 3203 430 3242 numero
473 3186 772 3245 hominum
816 3194 1155 3256 creverunt,
1198 3202 1334 3241 suos
1364 3185 1631 3264 singulae
1658 3181 1986 3240 habuerunt
2019 3182 2408 3261 phylarchos.

187 3252 366 3335 Plane
415 3281 481 3327 ut
525 3270 787 3328 ismaelis
831 3271 1177 3349 genealogia
1220 3280 1351 3344 post
1397 3277 1762 3325 enumeratos
1818 3268 1896 3324 12
1933 3270 2051 3341 ejus
2099 3265 2253 3328 lilios
2296 3271 2409 3330 hac

189 3354 477 3411 clauditur
506 3354 758 3411 formula
788 3351 1050 3425 25,16.:
1107 3350 1199 3408 Hi
1228 3362 1369 3409 sunt
1382 3352 1516 3426 filii
1548 3347 1859 3424 Ismae'lis,
1898 3362 1961 3409 et
1993 3349 2137 3410 haec
2168 3359 2410 3417 nomina

187 3455 423 3510 eorum,
477 3440 544 3494 in
576 3439 732 3494 vicis
775 3447 837 3494 et
879 3435 1143 3494 castellis
1171 3437 1473 3516 ipsorum,
1531 3435 1834 3494 duodecim
1877 3434 2130 3501 aaut&
2172 3447 2406 3542 ΒἿΝἾΨΞ
2495 3496 2499 3507 ,

176 3521 536 3602 principes,
592 3526 631 3579 i.
666 3542 714 3579 e.
751 3522 1005 3580 familiae
1045 3521 1328 3595 majores,
1389 3540 1526 3579 suos
1568 3522 1835 3599 singulae
1877 3504 2145 3579 habentes
2181 3529 2408 3601 princi.

143 3638 152 3647 ·
185 3624 318 3682 pes,
372 3606 691 3664 secundum
733 3618 941 3683 gentes
991 3622 1151 3665 suas.
1239 3607 1399 3675 Quae
1427 3605 1605 3663 verba
1646 3607 1968 3680 respiciunt
2000 3607 2070 3663 ad
2103 3620 2236 3667 ante

186 3708 308 3748 sam
345 3692 508 3751 illam
543 3694 612 3750 de
637 3692 882 3757 lsmaele
913 3690 1357 3775 promissionem
1405 3692 1702 3762 divinam,
1752 3692 1849 3764 17,
1884 3692 1985 3747 20.
2068 3690 2225 3750 Hine
2262 3714 2404 3754 vero

187 3792 364 3850 porro
393 3778 606 3853 liquet,
633 3776 956 3855 principes
996 3777 1167 3849 illos,
1214 3774 1283 3831 de
1309 3775 1559 3850 quibus
1541 3793 1606 3831 ιιι
1638 3777 1997 3855 genealogiis
2030 3784 2155 3833 tum
2191 3777 2405 3836 [smae-

185 3860 295 3931 lis,
345 3870 468 3918 tum
499 3861 679 3917 Esavi
720 3877 912 3917 sermo
955 3869 1075 3931 est,
1116 3878 1237 3916 non
1281 3861 1648 3917 successivos
1678 3860 1969 3939 intelligi,
2026 3878 2271 3935 quorum
2302 3864 2410 3921 alii

175 3944 331 4001 alios
366 3947 431 4001 in
462 3943 716 4023 regenda
747 3953 991 4021 utraque
1025 3954 1196 4021 gente
1238 3944 1635 4019 excepissent,
1674 3942 1776 4002 sed
1806 3943 2223 4015 simultaneos,
2266 3943 2325 4001 h.
2358 3964 2409 4003 e.

187 4029 287 4105 qui
319 4024 533 4086 'eodem
571 4039 828 4103 tempore
869 4030 994 4085 suis
1044 4029 1264 4108 singuli
1308 4026 1547 4084 familiis
1592 4026 2011 4103 praefuerint.“
2096 4025 2157 4084 C.
2193 4027 2258 4087 B.
2293 4027 2409 4087 Μι-

188 4126 452 4189 custus
493 4114 557 4169 in
590 4110 749 4169 Diss.
798 4114 871 4172 ad
909 4112 1007 4172 Vs.
1040 4113 1136 4171 14.
1180 4114 1334 4171 laud.
1371 4112 1427 4185 ξ.
1464 4114 1559 4168 11.
1605 4130 1660 4187 p.
1693 4114 1836 4170 218.
1879 4128 2003 4188 sqq.
2088 4109 2417 4190 Phylarehi

187 4213 312 4253 cum
339 4199 465 4253 suis
499 4197 796 4272 tribubus,
835 4202 935 4275 qui
962 4197 1074 4256 hoc
1101 4197 1200 4255 Vs.
1230 4198 1639 4269 recensentur,
1689 4195 1985 4269 Theman,
2026 4191 2254 4272 omar,
2291 4195 2412 4258 Zo-

177 4276 296 4357 pho
325 4291 386 4338 et
414 4277 658 4356 Kenas,
700 4284 1049 4361 respondent
1078 4283 1218 4341 filiis
1245 4281 1513 4360 Eliphasi
1544 4279 1667 4423 Va131
1684 4283 1781 4403 lg.
1827 4279 2199 4343 enumeratis.
