2711 4758
728 215 977 347 beat.
1094 281 1260 369 Cap.
1301 276 1496 360 24,1
1527 254 1718 368 ——7.
1897 243 1904 248 -
2191 278 2374 354 759·

121 463 456 612 bgminunfi,
495 480 571 520 nc
614 460 858 522 cadaver
901 462 1055 537 ejus,
1101 463 1166 521 in
1202 463 1505 540 superficie
1535 471 1726 522 terrae
1753 474 2077 544 superstes,
2121 475 2336 528 terram

125 559 151 607 t
193 569 281 606 am
313 569 386 627 po
435 559 553 606 uat.
1724 577 1736 587 κ

1075 713 1214 793 Cap.
1262 715 1365 772 22.

120 851 283 915 Leges
314 853 375 899 de
399 850 551 897 rebus
577 848 787 896 anissis
818 849 1172 904 restituendis,
1206 848 1268 894 (Ie
1294 857 1519 893 sexuum
1551 846 1783 895 vestibus
1814 863 1916 896 non
1939 851 2324 911 permutandis,

119 924 183 970 cle
211 927 380 968 matre
404 919 620 980 etbpullo
650 931 761 963 una
789 931 890 962 non
921 918 1190 976 capiendis
1205 947 1224 972 ‚
1264 918 1326 962 de
1351 918 1481 962 tecti
1506 915 1675 961 lorica
1693 949 1707 976 ,
1745 919 1807 963 de
1840 922 2075 968 misturis
2102 921 2325 977 illicitis,

304 1041 319 1048 „
386 989 449 1036 de
468 985 706 1048 'fimbriis
725 1018 742 1049 ‚
777 986 840 1032 de
886 987 1050 1048 signis
1102 987 1473 1048 virginitatis,
1508 985 1793 1050 adulterio,
1843 994 2052 1050 stupro.

285 1136 491 1196 1-5.
536 1143 722 1223 ῦήττι
766 1133 1157 1194 oberrantes.
1214 1147 1327 1208 m:
1369 1136 1657 1198 Arabibus
1679 1136 1985 1210 speciatim
2010 1146 2321 1212 usurpatur

113 1225 184 1282 de
214 1222 452 1294 ovibus,
496 1240 643 1298 quae
681 1239 721 1277 a
764 1238 971 1296 grege
995 1204 1295 1278 aberrans
1324 1229 1388 1276 et
1435 1219 1625 1277 caulis
1670 1221 1798 1277 suis
1836 1219 2070 1295 longius
2117 1220 2320 1297 digre-

113 1309 383 1366 diuntur.
458 1306 574 1363 Pro
598 1305 710 1361 hoe
738 1317 852 1364 Πππ
884 1307 949 1360 in
979 1308 1107 1362 loeo
1136 1307 1339 1380 pai-all.
1364 1304 1476 1362 Ex.
1506 1305 1611 1375 23,
1644 1305 1702 1359 4.
1765 1305 2000 1378 ponitur
2047 1312 2181 1389 flagra
2216 1323 2316 1360 er-

110 1412 279 1452 rans.
351 1399 488 1452 0³⁷:
539 1370 847 1483 naban&
892 1386 1030 1446 Noli
1072 1399 1129 1445 te
1162 1390 1243 1445 iis
1288 1386 1679 1461 subtrahere,
1716 1407 1837 1460 eos,
1878 1390 2043 1465 quasi
2082 1400 2137 1445 te
2167 1391 2315 1445 lute-

107 1486 278 1548 1·,ent
323 1453 655 1552 praeterire.
703 1505 777 1516 --
822 1454 877 1534 3
919 1469 1256 1563 κτρα-’Ὁ
1299 1467 1506 1531 Omnis
1541 1491 1640 1531 res
1674 1473 1915 1534 amissa.
1963 1503 2037 1516 —
2103 1473 2159 1529 ⁵.
2202 1470 2313 1552 ἡκ

108 1560 619 1628 lustramentum,
662 1558 698 1613 i.
749 1575 797 1613 c.
845 1569 1115 1630 ornatus,
1163 1541 1379 1630 vestis,
1415 1567 1485 1613 ut
1525 1557 1637 1615 Jes.
1680 1558 1783 1630 61,
1832 1562 1928 1616 lo.
2007 1541 2315 1633 Sapienter

104 1647 221 1703 hoc
247 1645 488 1701 vetitum
518 1643 591 1699 ad
621 1641 976 1699 honestatem
1007 1643 1229 1718 publice
1258 1641 1559 1700 tutandam
1603 1651 1661 1699 et
1687 1642 1969 1699 cavendas
2000 1644 2314 1700 scortatio·-

104 1748 231 1787 nes.
315 1726 481 1784 Talis
514 1728 667 1782 enim
698 1729 947 1783 vestium
980 1729 1351 1784 commutatio
1385 1728 1583 1783 multis
1617 1728 1892 1802 nequitiis
1911 1730 2075 1785 'viam
2106 1728 2334 1802 aperit,

105 1832 284 1891 quum
313 1811 583 1868 imberbis
617 1810 945 1873 adolescens
985 1811 1255 1867 muliebri
1290 1813 1505 1868 vestitu
1538 1813 1693 1867 inter
1719 1811 1988 1868 mulieres
2019 1810 2187 1867 facilc
2223 1812 2310 1866 la-

103 1910 230 1957 tere
264 1897 463 1973 possit.
510 1893 593 1952 cf.
626 1893 678 1950 d.
701 1913 754 1949 a.
776 1914 828 1949 ιι.
846 1913 902 1952 n.
920 1887 1000 1951 M.
1020 1892 1083 1950 P.
1097 1895 1166 1952 ΙΙ.
1201 1913 1254 1970 p.
1271 1896 1413 1954 310.
1470 1893 1727 1952 Clericus
1746 1905 1930 1970 putat,
1958 1895 2108 1951 hanc
2125 1897 2309 1973 legem

106 1985 431 2059 oppositam
463 1998 586 2036 esse
618 1978 873 2035 moribus
912 1981 1331 2044 nonnullorum,
1368 1981 1710 2062 populorum
1738 1979 2160 2050 Orientalium,
2207 1979 2308 2054 qui

101 2070 168 2124 in
198 2067 380 2123 sacris
420 2073 607 2120 vestes
637 2064 938 2154 utriusque
967 2082 1139 2120 sexus
1166 2065 1525 2120 miscuerunt
1554 2072 1610 2119 et
1641 2062 1901 2119 nefandis
1935 2066 2020 2119 ita
2045 2063 2309 2120 libidini-

100 2155 212 2210 bus
241 2168 361 2237 sese
393 2148 687 2204 dederunt.
748 2128 847 2204 ³727
877 2151 1082 2207 Πῧδνῆη
1127 2159 1197 2206 ’2
1247 2145 1409 2217 Quia
1453 2145 1814 2203 abominatio
1846 2145 2032 2204 Jovae
2065 2147 2185 2203 Dei
2215 2146 2311 2202 tui

102 2246 194 2293 cst
219 2220 401 2291 omnis
435 2233 535 2309 qui
561 2231 800 2303 secet-it
829 2231 967 2302 illa,
992 2211 1156 2308 quod
1188 2232 1469 2306 ejusmodi
1494 2233 1744 2288 vestium
1784 2235 2157 2291 commutatio
2189 2249 2309 2290 non

66 2349 69 2356 1
100 2321 277 2379 modo
308 2319 616 2391 lasciviae,
661 2317 761 2374 sed
795 2317 969 2373 etiam
1000 2317 1262 2374 libidinis
1292 2334 1499 2375 caussa
1531 2315 1722 2415 fiebat.

276 2491 334 2545 6.
372 2491 431 2545 7.
496 2486 640 2545 Cum
685 2483 988 2541 obvenerit
1036 2484 1150 2540 tibi
1188 2485 1366 2542 nidus
1393 2486 1525 2543 avis
1560 2486 1622 2542 in
1651 2487 1787 2559 via,
1824 2496 1933 2544 aut
1961 2484 2079 2545 ulla
2110 2488 2172 2544 in
2201 2504 2306 2544 ar-

103 2575 282 2645 bore,
321 2582 427 2628 aut
460 2574 523 2628 in
559 2581 768 2640 terra,
811 2571 1210 2644 invenerisque
1233 2570 1429 2647 pullos
1459 2579 1569 2626 aut
1595 2588 1737 2643 ova,
1778 2581 2139 2659 matremque
2167 2571 2309 2650 pul-

102 2660 181 2717 lis
220 2666 328 2715 aut
369 2657 496 2712 ovis
527 2655 927 2726 incubantem,
970 2670 1040 2708 ne
1084 2672 1232 2732 cape
1273 2665 1435 2711 matr
1439 2674 1526 2710 eun
1568 2674 1697 2712 eum
1733 2638 1961 2733 gnatis.
2029 2655 2307 2712 Liberam

102 2742 402 2801 dimittito
449 2748 698 2795 matrem
741 2738 1061 2815 capitoque
1104 2736 1218 2794 tibi
1257 2748 1482 2814 gnata,
1541 2749 1608 2795 ut
1655 2739 1790 2797 bene
1831 2739 1944 2796 tibi
1971 2742 2057 2819 sit
2090 2740 2305 2817 diuque

98 2830 292 2886 vivas.
352 2824 480 2893 Hae
511 2826 634 2901 lege
661 2840 1009 2900 magnopere
1050 2823 1457 2879 consulebatur
1482 2825 1683 2881 avibus
1720 2825 2011 2904 indigenis
2043 2845 2116 2881 ac
2140 2844 2305 2882 eave-

97 2915 296 2982 batur,
341 2928 412 2965 ne
448 2909 601 2983 quod
627 2925 822 2964 earum
860 2916 1042 2984 genus
1072 2917 1176 2963 aut
1202 2910 1514 2981 exstirpari
1545 2910 1772 2981 penitus
1802 2920 1903 2965 aut
1931 2911 2121 2966 minui
2153 2910 2309 2965 ultra

100 2997 358 3055 debitum
389 2996 448 3048 in
482 2992 810 3048 Palaestina
838 3000 1048 3065 posset.
1122 2990 1246 3050 Nee
1279 3001 1468 3047 tamen
1514 2993 1783 3049 illicitum
1815 2992 2125 3050 fundorum
2171 3010 2308 3067 pos-

99 3078 430 3138 sessoribus
462 3077 593 3146 suit,
632 3076 958 3133 nidulantes
991 3076 1052 3131 in
1086 3074 1286 3144 horto,
1327 3078 1392 3133 in
1422 3077 1624 3147 vinca,
1665 3078 1727 3132 in
1755 3096 1934 3153 agro,
1973 3080 2036 3134 in
2068 3077 2304 3134 aedibus

100 3183 276 3234 aves,
316 3163 524 3220 noxias
551 3161 665 3227 sibi
696 3167 801 3215 aut
821 3162 1091 3216 molestas
1119 3162 1400 3233 occidere,
1445 3179 1589 3260 quac
1619 3162 1766 3218 dura
1787 3160 1999 3218 fuisset
2023 3163 2303 3217 servitus:

98 3250 202 3308 sed
236 3248 423 3304 noluit
463 3247 764 3323 legislator
800 3245 989 3300 alieno
1022 3244 1080 3301 id
1112 3256 1213 3303 aut
1245 3246 1464 3302 nullius
1500 3247 1560 3301 in
1590 3243 1806 3317 fundo,
1846 3255 1948 3302 aut
1996 3247 2056 3301 in
2100 3246 2303 3303 itineri
2356 3237 2359 3243 ’

97 3332 274 3416 (ἺἾ.
260 3326 366 3409 ει)
409 3330 536 3386 ficri
565 3330 715 3386 lueri
757 3345 990 3399 caussa,
1037 3340 1139 3386 ant
1183 3324 1476 3388 communi
1517 3330 1710 3386 avium
1757 3330 2116 3406 quarundam
2150 3330 2307 3403 odio,

92 3419 363 3492 belloque
408 3426 681 3490 tanquam
725 3414 801 3468 iis
837 3412 1074 3469 indicto.
1168 3413 1290 3471 Nee
1328 3424 1588 3470 exemtae
1632 3428 1816 3472 erant
1835 3413 1944 3470 hae
1984 3417 2109 3495 lege
2149 3433 2307 3487 aves,

59 3484 246 3579 ’''quae
276 3501 489 3557 noxiae
513 3506 809 3573 putantur.
878 3497 1026 3554 Nam
1057 3499 1234 3554 illae
1218 3516 1377 3572 ipsae
1404 3517 1630 3572 quoque
1655 3501 1938 3557 salutares
1969 3517 2107 3557 usus
2137 3519 2304 3575 prae-

93 3598 256 3645 stare
292 3584 516 3652 solent,
553 3582 687 3639 dum
725 3582 1034 3638 noxiorum
1073 3584 1422 3641 insectorum
1465 3591 1522 3638 ct
1558 3584 1836 3640 vermium
1867 3585 2303 3660 multiplicatio-

93 3690 228 3729 nem
273 3666 612 3743 impediunt.
693 3665 784 3722 lta
820 3667 1082 3741 pluribus
1124 3670 1189 3723 in
1229 3667 1567 3746 regionibus
1603 3667 1702 3723 ubi
1748 3686 2001 3742 passeres
2035 3671 2330 3744 extirpa-⁸

94 3757 350 3824 bantur,
389 3749 926 3825 multiplicabantur
950 3767 1189 3822 erucaeg
1225 3752 1433 3825 quibus
1468 3768 1725 3825 passeres
1758 3765 2083 3810 vescuntur.
2166 3755 2295 3819 Quo

96 3848 290 3895 autem
316 3836 560 3903 calidior
594 3843 813 3890 tractus
839 3834 1193 3911 desertisque
1216 3836 1493 3903 vicinior,
1524 3854 1591 3890 eo
1621 3838 1808 3916 magis
1841 3856 2016 3911 opera
2045 3837 2299 3893 ferocio-

94 3938 228 3979 rum
272 3923 467 3978 avium
511 3930 569 3976 et
607 3918 941 3992 foedarum,
986 3923 1422 3977 carnivorarum
1468 3929 1656 3991 certe,
1692 3923 2043 3997 requiritur,
2099 3930 2162 3975 ut
2200 3939 2296 3992 pe-

88 4008 209 4079 jori
240 4016 395 4080 peste
439 4006 735 4085 regionem
768 4004 1028 4060 liberent.
1105 4006 1374 4062 Attamen
1399 4022 1473 4060 ex
1499 4023 1598 4073 eo,
1644 4006 1797 4080 quod
1824 4004 1959 4062 huie
1989 4005 2104 4083 legi
2133 4003 2298 4059 addi-

96 4101 222 4144 tum
252 4099 376 4159 cst,
420 4099 488 4145 ut
530 4088 665 4144 bene
712 4086 825 4142 tibi
862 4089 985 4158 sit,
1028 4080 1244 4168 diuque
1283 4089 1453 4143 vivas
1490 4088 1550 4142 in
1588 4096 1795 4159 terra,
1835 4089 2065 4146 videtur
2094 4089 2297 4165 colligi

98 4190 330 4252 posse,
322 4173 701 4249 legislatoris
729 4173 1037 4230 eonsilium
1065 4175 1239 4229 simul
1273 4190 1499 4247 quoque
1525 4171 1634 4228 hoe
1672 4173 1883 4244 fuisse,
1925 4184 1991 4228 ut
2020 4172 2297 4228 Israelitis

60 4250 65 4261 ’
98 4258 223 4313 suis
264 4258 720 4316 misericordiam
764 4273 884 4312 non
915 4260 1103 4315 solum
1132 4275 1273 4336 erga
1300 4274 1468 4325 aves,
1521 4259 1622 4314 sed
1652 4275 1794 4334 erga
1817 4260 1937 4314 alia
1961 4258 2136 4313 etiam
2167 4257 2297 4315 ani-

96 4341 279 4399 malia
315 4342 755 4438 commendaret.
802 4338 889 4399 Cf.
917 4338 1106 4403 Mica.
1135 4339 1196 4401 J.
1227 4339 1309 4400 M.
1346 4338 1414 4398 P.
1443 4340 1542 4399 lu.
1587 4341 1645 4415 ξ.
1678 4343 1814 4398 171.
