2711 4758
732 300 979 370 Deut.
1091 289 1439 393 θαμέδ,
1499 296 1839 369 18-,-αι.
2244 299 2394 372 763

180 495 370 557 sema,
419 483 576 561 quod
603 500 636 542 e
664 485 926 564 margine
957 484 1021 540 ἰιι
1050 492 1271 540 textum
1301 484 1618 560 irrepserit.
1686 480 1832 541 Nam
1863 487 2050 563 primo
2074 487 2252 545 verba
2290 507 2393 564 per

180 584 242 623 se
274 570 468 639 clara,
519 571 719 644 qualia
747 580 885 626 sunt
915 562 1118 650 πόρνη
1163 579 1221 625 et
1258 564 1605 648 πορνεύων,
1662 569 1855 624 minus
1885 573 2057 627 elaris
2102 575 2411 648 explicare,

183 653 362 724 velle,
420 654 781 731 glossematis
825 656 978 711 ratio
1010 673 1131 710 non
1166 654 1405 729 patitur.
1481 653 1749 723 Accedit,
1791 655 1944 728 quod
1977 657 2256 713 vocabula
2292 679 2417 722 τε-,

180 729 475 815 λεσφόρυς
527 747 584 794 et
619 733 1037 826 τελισκόμενος
1081 738 1151 795 ab
1185 737 1384 795 codem
1415 738 1592 796 verbo
1636 735 1825 797 τελεῖν
1854 738 2174 812 ducuntur,
2229 744 2393 815 eujus

184 820 479 895 derivata,
538 820 768 883 τελεταὶ
816 832 877 878 et
919 815 1361 897 τετελεσμένοι,
1420 822 1597 879 iidem
1641 823 1984 897 interpretes
2035 825 2167 880 aliis
2228 827 2396 898 locis,

191 904 513 986 1Reg.l5‚
562 910 657 966 12.
713 917 771 964 et
812 905 955 964 Hos.
985 911 1049 980 4,
1103 911 1195 967 14.
1212 946 1232 977 ,
1293 926 1401 982 pro
1444 905 1729 963 hebraicis
1779 907 2023 1003 ΞἿιΖό-τρ
2076 918 2135 964 et
2178 911 2393 1003 τιῆωἻΡ

182 1003 630 1066 usurpaverant,
688 1002 747 1048 et
775 994 946 1067 quia,
1009 993 1110 1050 ubi
1162 992 1410 1077 muti-‚p
1471 990 1541 1046 de
1587 991 1829 1066 impuris
1874 970 2178 1069 gentilium
2211 976 2396 1051 sacris

180 1077 450 1147 ponitur,
494 1094 806 1154 numquam
851 1066 1160 1155 πορνεύων
1205 1025 1538 1147 verter'unt,
1593 1083 1746 1131 certe
1790 1070 1965 1131 etiam
2010 1074 2274 1135 hocloco
2308 1079 2400 1135 fa·
2474 1127 2487 1140 ,

183 1162 333 1216 cturi
370 1178 486 1217 non
535 1171 720 1220 erant.
803 1160 1069 1239 Denique
1106 1159 1248 1217 haec
1284 1161 1498 1217 ultima
1540 1159 1819 1216 vocabula
1848 1177 2058 1237 graeca
2084 1164 2270 1240 magis
2300 1183 2400 1220 ac-

178 1245 543 1314 commodata
585 1247 858 1317 videntur
922 1247 996 1304 ad
1040 1248 1162 1304 vim
1208 1244 1464 1302 hebraici
1523 1245 1719 1301 textus
1773 1245 2220 1317 exprimendam.
2290 1248 2400 1306 Est

182 1329 333 1384 enim
371 1323 734 1409 τελεσᾳόρος
768 1341 966 1407 aptum
1002 1333 1239 1389 omnino
1272 1349 1398 1387 voc.
1414 1369 1433 1401 ,
1492 1347 1607 1404 quo
1633 1326 1988 1406 significatio
2023 1332 2185 1386 vocis
2219 1330 2402 1424 πἰῥπρ

185 1410 472 1469 initiatae
507 1416 794 1493 impudico
835 1419 991 1473 cultu
1023 1417 1313 1473 idolorum
1355 1416 1421 1470 in
1454 1413 1654 1472 Sacris
1684 1412 1989 1488 gentilium
2022 1398 2402 1489 exprimatur,

181 1499 658 1570 quemadmodum
698 1499 1102 1559 Theodoretus
1156 1502 1331 1559 etiam
1382 1497 1630 1568 Quaest.
1670 1497 1771 1553 28.
1815 1495 1889 1552 ad
1932 1499 2212 1574 mysteria
2257 1499 2404 1556 illud

179 1583 507 1654 pertinere,
555 1586 722 1642 docte
764 1586 1112 1642 observavit.
1195 1583 1609 1660 complectitur
1647 1592 1838 1639 tamen
1872 1582 2046 1638 simul
2079 1584 2403 1658 turpissimi

181 1676 450 1737 quaestus
480 1670 864 1742 oblationem,
919 1671 1071 1726 unde
1114 1668 1362 1726 Flamin.
1396 1667 1665 1726 Nobilius
1709 1674 1862 1722 recte
1905 1670 2117 1724 vertit:
2185 1666 2398 1724 teletas

162 1745 387 1819 ferens
429 1748 456 1828 (
473 1772 584 1828 qua
615 1773 756 1810 voce
784 1746 1149 1833 Augustinus
1181 1753 1250 1810 dc
1281 1753 1449 1808 civit.
1483 1749 1633 1822 Dei,
1678 1753 1777 1820 10,
1811 1750 1870 1805 9.
1912 1755 2086 1808 etiam
2117 1769 2223 1826 pro
2258 1771 2402 1807 con-

180 1837 517 1893 secratione
548 1834 808 1916 utitur),
869 1840 1034 1913 quasi
1070 1838 1259 1909 dicat,
1300 1837 1655 1892 initiationis
1687 1852 1824 1890 suae
1856 1835 2205 1908 mercedem,
2246 1837 2402 1892 dona.

179 1928 240 1972 et
270 1921 615 1979 sacrificium
651 1922 964 1979 obscoenae
998 1921 1259 1977 libidinis
1294 1936 1657 1977 consecrans.
1719 1917 1854 1974 Non
1889 1921 2002 1976 erit
2033 1920 2229 1996 itaque
2248 1922 2405 1977 inter

184 2001 336 2058 filias
369 2003 544 2063 lsrael
581 2000 975 2083 τελεσφόρος,
1016 2005 1271 2061 initiata
1302 2006 1458 2061 cultu
1496 2003 1759 2079 impuro,
1807 2013 1903 2075 et,
1944 2004 2098 2080 quod
2129 2005 2263 2061 inde
2293 2004 2403 2060 du-

188 2088 377 2162 citur,
416 2093 666 2190 vectigal
712 2091 1106 2169 impudicitiae
1143 2091 1491 2165 persolvens.
1570 2087 1774 2168 Pergit
1820 2105 1973 2145 nunc
2008 2090 2200 2145 versio
2230 2108 2404 2167 grae-

181 2189 283 2227 ca·
344 2182 459 2230 non
489 2178 611 2232 erit
630 2170 1066 2254 τελισκόαενος
1108 2174 1271 2230 inter
1297 2173 1472 2245 filios
1517 2167 1734 2230 Israel.
1808 2171 2021 2248 Aptum
2051 2173 2248 2230 itidem
2277 2194 2402 2230 voc.

184 2255 254 2311 ad
284 2260 710 2335 exprimendam
755 2281 955 2320 vocem
998 2260 1139 2345 ιιίἾῙ)
1184 2257 1470 2314 initiatus
1498 2254 1798 2314 obscoenis
1830 2258 2046 2331 sacris;
2104 2257 2404 2316 derivatur

185 2343 340 2401 enim
376 2363 411 2401 a
436 2342 649 2418 τελέω,
695 2347 848 2425 quod
879 2323 1171 2404 initiandi
1202 2344 1322 2404 vim
1350 2342 1539 2400 habet.

355 2472 449 2528 19.
510 2476 647 2561 3725?
695 2484 856 2566 *prm
901 2473 1133 2530 Donum
1162 2469 1564 2550 meretricis,
1583 2467 1730 2528 Hos.
1770 2470 1962 2541 9,1.,
2004 2469 2043 2526 i.
2075 2489 2122 2526 e.
2159 2472 2406 2546 pecunia
2499 2510 2508 2521 ·

185 2572 357 2628 quam
396 2576 472 2614 ex
514 2539 884 2616 foedissimae
927 2560 1076 2614 artis
1118 2565 1358 2632 quaestu
1392 2564 1668 2630 tanquam
1703 2556 1990 2629 primitias
2015 2536 2150 2611 Diis
2196 2554 2404 2614 offere-

183 2639 328 2695 bant
358 2643 701 2701 sacerrimae
729 2642 1113 2699 mulierculae.
1186 2635 1313 2725 ῦξῑῦ
1342 2648 1514 2730 *wrm
1560 2636 1826 2694 Pretium
1856 2640 2046 2713 canis,
2093 2641 2135 2699 i.
2160 2659 2211 2695 e.
2247 2642 2407 2716 quod

176 2722 389 2789 'datum
428 2736 517 2782 est
563 2737 760 2783 scorto
801 2726 1090 2793 masculo,
1131 2725 1255 2780 sive
1289 2741 1470 2798 puero
1502 2705 1818 2780 meritorio
1855 2742 1959 2799 pro
2003 2722 2227 2779 nefario
2261 2744 2406 2782 con-

185 2807 407 2867 cubitu.
485 2808 671 2866 Canis
704 2821 894 2866 antem
923 2820 1168 2867 vocatur
1204 2808 1336 2864 talis
1368 2806 1540 2864 homo
1575 2810 1867 2882 impurus,
1910 2807 2063 2883 quod
2095 2827 2266 2865 canes
2291 2811 2407 2866 im-

189 2891 466 2967 pudentia
496 2911 566 2950 ac
608 2896 849 2951 libidine
887 2895 1225 2951 aemulatur.
1294 2890 1470 2948 Tales
1481 2903 1559 2953 .et
1592 2893 1901 2971 Αριιο.22,
1943 2891 2040 2949 15.
2088 2883 2262 2962 κύνες
2296 2912 2406 2952 vo-

136 2966 141 2981 “
187 2983 426 3034 cantur.
502 2976 748 3036 Constat
780 2990 1004 3050 autem,
1066 2977 1382 3035 Phoenices
1414 2975 1728 3033 mercedem
1766 2994 1976 3032 usurae
2018 2980 2282 3052 corporis
2311 2982 2408 3036 sui

188 3056 319 3116 Deo
358 3065 604 3120 vovisse.
687 3065 805 3121 Alii
852 3067 1048 3121 vocem
1060 3048 1223 3135 :²222
1260 3062 1495 3136 propria
1537 3059 1967 3137 significatione
2008 3072 2281 3132 sumunt,
2335 3074 2405 3121 ut

187 3161 391 3202 sensus
424 3151 537 3219 sit,
572 3151 846 3226 pretium
873 3165 948 3203 ex
977 3125 1215 3227 vendito
1252 3162 1397 3201 cane
1428 3162 1542 3200 non
1588 3142 1964 3214 inferendum
1998 3160 2126 3200 esse
2160 3146 2223 3201 in
2260 3156 2409 3203 tem-

174 3227 348 3307 plum
373 3230 581 3288 Jovae.
657 3232 772 3291 Sed
803 3235 1052 3309 priorem
1092 3233 1250 3287 illam
1295 3226 1831 3303 interpretationem
1872 3229 2130 3304 postulat
2183 3235 2410 3289 oratio·-

190 3313 286 3368 nis
317 3313 493 3372 filum.
580 3316 701 3375 Nec
724 3306 1103 3395 intelligitur,
1145 3313 1436 3390 quomodo
1464 3314 1714 3388 cuipiam
1739 3311 2180 3370 Hebraeorum'
2164 3334 2224 3371 ιιι
2244 3336 2408 3373 men-

166 3405 311 3455 ·tem
362 3402 562 3458 venire
608 3404 831 3477 possit,
905 3402 1152 3475 pretium
1198 3417 1273 3455 ex
1317 3415 1464 3453 cane
1500 3396 1752 3455 vendito
1785 3397 1999 3470 templo
2045 3416 2408 3473 consecrare,
2495 3452 2524 3459 .,
2561 3416 2564 3417 ’

188 3500 363 3569 quum
401 3503 571 3542 canes
605 3480 767 3561 apud
801 3487 1032 3543 illarum
1069 3494 1357 3540 terrarum
1393 3460 1613 3539 incolas
1657 3481 1811 3538 inter
1856 3481 2242 3579 abjectissima
2275 3487 2407 3542 ani-

186 3562 365 3623 malia
396 3567 753 3643 habeantur,
798 3588 943 3647 quae
973 3586 1141 3625 nemo
1168 3568 1338 3624 facile
1375 3568 1598 3623 emerit.
1789 3545 1811 3585 x

122 3760 127 3763 .
357 3697 660 3756 20-26,
738 3692 945 3785 Ἶῆηκξ
991 3697 1164 3779 ‘’z-517
1220 3690 1303 3755 &b
1362 3689 1570 3749 Nullas
1622 3710 1700 3748 ex
1736 3691 2137 3771 popularibus
2181 3695 2408 3752 vestris

187 3779 457 3858 accipite
488 3799 725 3838 usuras.
811 3782 879 3839 ln
913 3733 1135 3860 legibus
1164 3777 1455 3854 prioribus
1487 3778 1557 3833 de
1588 3779 1816 3849 usuris,
1852 3774 1961 3834 Ex.
1988 3781 2091 3851 22,
2122 3780 2223 3834 24.
2266 3779 2409 3836 Lev.

188 3863 293 3934 25,
335 3867 431 3922 36
520 3864 710 3923 Moses
761 3866 830 3922 de
876 3867 1017 3922 solis
1061 3862 1406 3941 pauperibus
1451 3879 1686 3917 usuram
1728 3863 1963 3941 exigere
1997 3872 2180 3921 Qvetat
2281 3862 2412 3922 Hac

189 3949 317 4026 lege
367 3968 507 4009 vero
548 3952 851 4029 legislator
894 3950 1159 4007 omnibus
1209 3946 1446 4005 omnino
1491 3946 1723 4017 usuris,
1779 3964 1926 4021 quae
1979 3966 2013 4004 a
2059 3945 2242 4002 fratre
2283 3950 2410 4004 sive

190 4050 440 4107 paupere
471 4036 592 4091 sive
631 4034 811 4093 divite
839 4036 1247 4113 exigerentur,
1289 4030 1501 4105 populo
1533 4030 1850 4087 interdicit.
1930 4029 2072 4087 Sine
2100 4029 2275 4086 dubio
2307 4051 2410 4105 per

193 4118 581 4198 qnadraginta
614 4121 860 4176 istorum
906 4136 1190 4175 annorum
1226 4115 1477 4190 spatium
1516 4113 1661 4193 legis
1704 4115 1769 4170 in
1816 4132 2128 4190 pauperum
2154 4118 2411 4191 gratiam

191 4198 361 4255 datae
393 4204 604 4260 abusus
633 4222 669 4259 a
698 4202 1011 4261 ditioribus
1041 4205 1342 4268 invectus,
1382 4194 1533 4253 hanc
1555 4199 1700 4277 legis
1724 4198 2119 4255 extensionem
2147 4217 2413 4256 neeessa-

190 4285 345 4340 riam
386 4285 614 4345 fecerat.
663 4320 737 4332 --
794 4289 897 4344 21.
951 4288 1131 4372 quiq
1166 4278 1363 4375 ΨῬΒΞΞ
1413 4280 1468 4339 Α
1493 4282 1856 4359 peregrinis
1877 4297 2095 4339 usuras
2130 4283 2412 4362 accipere

179 4369 476 4449 potestis.
555 4373 693 4433 Non
722 4391 865 4455 ergo
895 4390 1094 4433 omnes
1126 4371 1307 4429 annui
1343 4384 1419 4426 cx
1448 4368 1695 4445 pecunia
1720 4363 1941 4423 reditus
1970 4366 2252 4441 Israelitis
2296 4371 2413 4427 eri-
