2711 4758
133 253 184 327 6
759 342 768 353 .
957 267 1581 358 Prolegomena

132 447 460 505 ronomium
486 466 564 506 nc
592 447 824 528 quidem
853 450 997 508 satis
1031 452 1360 531 intelligere
1388 453 1734 529 potuissent.
1774 450 1935 510 Ordo
1967 455 2248 512 orationis
2278 471 2403 511 nnn

134 560 351 640 ubique
377 566 750 640 commodus,
794 577 856 626 et
885 571 1071 626 oratio
1102 571 1229 645 ipsa
1253 569 1622 648 progreditur
1643 587 1816 646 saepe
1850 588 1950 645 pcr
1981 570 2247 648 disrupta
2278 572 2408 629 sinc

134 697 296 739 nexu
328 680 690 761 fragmenta,
745 683 900 742 haud
932 704 1066 743 raro
1099 687 1384 766 singulari
1418 686 1680 743 clausula
1712 688 2058 761 terminata3
2113 704 2268 762 quae
2305 706 2409 743 ar·-

136 807 332 876 guuut
359 807 653 857 auctorem
687 820 806 859 non
833 805 1201 862 continenter
1230 802 1596 875 scribentem,
1624 800 1726 858 scd
1741 804 1973 892 saepius
1991 805 2410 880 interruptum,

140 916 369 993 Qualem
396 917 663 975 novimus
692 916 916 990 Mosen,
951 930 1043 978 tot
1063 922 1358 997 tantisque
1387 920 1641 999 negotiis
1675 917 1965 991 obrutum,
2000 920 2410 996 continuisque

136 1033 587 1111 migrationibus
631 1037 992 1097 distractum.
1078 1037 1405 1114 Dispositio
1446 1037 1698 1113 denique
1735 1037 1917 1094 totius
1965 1040 2156 1114 operis
2190 1048 2280 1095 est
2316 1057 2411 1112 ea,

139 1151 330 1225 qualis
361 1144 398 1208 a
426 1154 588 1228 viro,
645 1157 746 1232 qui
778 1157 993 1233 populo
1024 1155 1157 1213 rudi
1188 1164 1249 1212 et
1280 1155 1502 1239 inculto
1529 1154 1688 1231 leges
1721 1162 1780 1210 et
1801 1156 1937 1229 jura
1963 1154 2134 1227 dare,
2171 1165 2232 1212 ct
2261 1157 2411 1213 civi-

142 1274 328 1325 tatem
356 1268 501 1327 bene
530 1282 815 1329 moratam
845 1273 1106 1350 beneque
1155 1258 1538 1331 constitutam
1571 1271 1882 1328 instituere
1924 1272 1984 1326 in
2025 1242 2410 1329 animemin-

141 1381 412 1458 dux'erat‚
453 1399 843 1465 exspectetur.
934 1388 1081 1448 Nam
1110 1392 1170 1447 in
1199 1391 1383 1467 primo
1411 1388 1559 1446 libro
1591 1397 1767 1463 atque
1793 1388 1971 1462 priori
2000 1385 2131 1444 libri
2168 1388 2411 1447 secundi

143 1510 328 1576 parte,
355 1507 523 1579 quasi
548 1507 908 1581 praefatione
941 1507 1345 1565 tradendarum
1374 1492 1569 1586 legum
1588 1505 1951 1579 praestituta,
1971 1522 2039 1560 ea
2067 1496 2411 1582 praemittit,

145 1633 297 1693 quae
334 1628 438 1678 aut
476 1623 550 1680 ad
590 1643 782 1683 rerum
826 1628 1192 1704 sequentium
1238 1626 1449 1682 scriem
1480 1630 1541 1679 et
1574 1620 1830 1678 ordinem
1861 1622 2191 1678 necessaria
2225 1632 2414 1698 crant,

149 1744 256 1791 aut
285 1738 494 1797 annni-
527 1739 915 1803 israclitarum
957 1744 1031 1802 ad
1069 1744 1414 1823 religionem
1456 1748 1517 1796 et
1562 1739 1784 1796 cultum
1814 1740 1988 1796 unius
2016 1734 2164 1812 Dei,
2218 1756 2413 1799 rerum

150 1855 409 1912 omnium
442 1862 719 1917 creatoris
751 1872 810 1919 et
839 1863 1252 1934 moderatoris,
1294 1836 1690 1915 'informxindis
1731 1856 1949 1913 servire
1980 1866 2310 1932 poterant,-
2341 1858 2416 1915 (le

148 1982 267 2042 quo
293 1972 460 2048 plura
494 1977 556 2033 in
593 1976 897 2035 Prooemio
929 1978 1001 2033 ad
1040 1977 1298 2033 Genesin
1329 1975 1604 2030 dicemus.
1663 1970 1917 2049 Legibus
1951 1975 2093 2049 ipsis
2127 1976 2422 2055 immiscet·

146 2083 282 2144 fere
305 2090 430 2147 sola
462 2093 576 2149 ista
603 2105 794 2173 gesta,
838 2112 986 2170 quac
1022 2093 1137 2149 illis
1168 2090 1535 2146 occasionem
1566 2087 1975 2163 praebuerunt,
2019 2092 2113 2149 vcl
2143 2090 2217 2148 ad
2247 2110 2409 2149 com·-

150 2206 542 2266 mendandam
584 2212 781 2290 legum
829 2206 1289 2267 observationem
1338 2212 1634 2284 spectant3
1719 2205 1996 2283 legesque
2040 2208 2164 2264 fere
2216 2224 2418 2267 omncs

150 2320 397 2383 ‘exhibet
425 2346 494 2385 co
529 2316 768 2400 ordine,
825 2343 941 2404 quo
970 2325 1370 2404 promulgatae
1407 2325 1667 2385 fuerunt.
1753 2324 1917 2391 Quae
1950 2343 2125 2402 quum
2160 2327 2243 2383 ita
2275 2327 2417 2397 sint,
2513 2389 2522 2396 ,

154 2440 308 2498 ‘nibil
343 2445 577 2502 obstare
607 2446 877 2517 videtur,
931 2462 1045 2520 quo
1070 2407 1279 2500 ‘minus
1308 2440 1487 2526 hosce
1526 2442 1701 2499 libros
1739 2442 1809 2498 ab
1840 2459 1911 2498 co
1941 2444 2185 2517 scriptos
2216 2442 2420 2498 creda-

150 2568 321 2631 mus,
362 2562 569 2622 'cuiet
608 2563 927 2620 communis
964 2562 1219 2618 omnium
1249 2569 1571 2636 temporum
1597 2560 1832 2635 opinio,
1893 2568 1953 2614 et
1985 2559 2210 2635 reliqua
2242 2556 2309 2615 V.
2340 2557 2415 2621 T.

153 2675 534 2737 monunicnta
560 2680 714 2753 illos,
753 2680 840 2737 uti
873 2679 1098 2737 auctori
1130 2678 1454 2757 assignant.

1262 2867 1327 2925 3.

152 3002 328 3076 Quae
369 3005 728 3084 sententiae}
786 3006 1239 3068 Pentateuchum
1284 3023 1413 3063 esse
1455 3023 1497 3062 a
1540 3001 1705 3063 Mose
1745 3005 2071 3084 scriptum,
2112 3006 2427 3065 adversar-a·

1126 3117 1458 3183 videantur.

322 3280 847 3366 Argumentorum‚
888 3299 1037 3357 quae
1060 3277 1352 3335 recentior
1388 3273 1549 3331 actas
1580 3275 1667 3331 illi
1699 3276 2062 3347 sententiae,
2102 3272 2425 3332 Pentateu-

148 3394 318 3456 clium
340 3441 356 3469 ,
403 3402 629 3474 qualem
662 3417 814 3455 nune
845 3399 1127 3476 legimus,
1171 3412 1207 3450 a
1238 3390 1401 3450 Mose
1432 3394 1710 3468 scriptum
1742 3411 1869 3451 esse
1889 3434 1909 3465 ,
1955 3392 2258 3469 opposuit,
2304 3393 2421 3449 alia

148 3535 225 3574 ex
263 3519 501 3595 linguae
533 3522 659 3593 ejus
703 3506 932 3587 indole,
991 3516 1108 3570 alia
1155 3534 1188 3570 e
1231 3510 1696 3568 conformatione
1728 3522 1789 3568 et
1820 3511 2012 3567 indole
2044 3510 2228 3565 totius
2268 3509 2422 3584 libri,

150 3636 264 3691 alia
294 3655 327 3691 c
364 3619 614 3713 singulis
649 3637 773 3709 ejus
806 3634 949 3689 locis
982 3635 1167 3709 petita
1199 3638 1359 3688 sunt.
1452 3628 1741 3708 Linguam
1776 3629 1981 3683 dicunt
2012 3625 2082 3682 ab
2124 3627 2255 3701 illa,
2309 3647 2426 3704 qua

148 3748 454 3810 novissinii
487 3770 687 3810 sacrae
716 3748 1100 3806 bibliothecae
1126 3747 1256 3805 libri
1290 3756 1428 3804 sunt
1459 3748 1707 3818 exarati,
1733 3745 1914 3804 multo
1944 3747 2136 3803 minus
2168 3744 2425 3818 differre,

151 3884 323 3942 quam
362 3870 421 3923 in
454 3870 653 3943 libris,
714 3879 879 3927 tanto
915 3849 1190 3943 temporis
1225 3866 1412 3941 spatio
1452 3880 1489 3918 a
1518 3884 1582 3920 sc
1612 3861 1962 3920 distantibus
1989 3866 2123 3939 jure
2152 3866 2281 3940 quis
2315 3883 2427 3920 cx·-

151 3994 390 4058 spcet‘et.
446 3986 696 4043 Easdem
727 3988 877 4042 enim
912 3987 973 4041 in
1006 3986 1100 4054 iis,
1134 3986 1235 4060 qui
1269 3983 1434 4040 exilii
1470 3979 1807 4058 Babylonici
1842 3979 2195 4054 temporibus
2227 3980 2425 4055 scripti

154 4110 315 4171 sunt,
363 4099 842 4176 deprehendimus
871 4122 1076 4158 vocum
1107 4102 1359 4172 formae,
1398 4099 1710 4169 flexiones,
1752 4095 2236 4173 significationes,
2281 4113 2424 4171 quas

152 4220 217 4274 in
248 4218 445 4289 libris,
482 4221 579 4295 qui
614 4217 765 4276 Mosi
798 4219 1151 4300 tribuuntur.
1230 4220 1383 4300 ‘Quis
1415 4236 1577 4288 vero,
1624 4217 1924 4292 inquiunt,
1969 4212 2200 4285 credat,
2245 4212 2428 4269 fuisse

156 4337 269 4393 soli
296 4337 552 4394 omnium
585 4326 1133 4394 sermoni‘chraco
1165 4346 1386 4394 tantam
1423 4331 1819 4409 stabilitatem,
1855 4329 1934 4389 ut'
1954 4318 2118 4391 mille'
2145 4348 2429 4389 annorum
