2711 4758
328 217 482 292 354
585 233 630 255 >¹
772 249 791 270 r
1011 218 1272 310 exoa,
1385 200 2028 311 capuam„

330 417 473 467 runt
506 404 603 461 25.
635 404 776 461 anni
834 400 1022 482 (Gen.
1062 401 1161 472 12,
1201 403 1409 482 4..17,
1457 404 1509 459 l.
1540 397 1709 480 21.);
1780 402 2010 460 isaacus
2046 403 2129 458 60
2160 407 2348 456 annos
2379 410 2555 457 natm
2616 405 2622 409 '

330 501 493 564 erat,
536 509 663 546 cum
692 487 939 544 Jacobus
972 497 1309 545 nasceretur
1348 487 1538 565 (Gen.
1570 487 1676 558 25,
1707 483 1876 564 26.)‚
1934 486 2181 544 lacobus
2219 486 2377 558 130,
2422 503 2557 542 eum

331 580 397 635 in
431 574 754 655 Aegyptum
786 571 1250 650 proficisceretur
1293 569 1481 651 (Gen.
1514 574 1619 644 4⁷,
1648 568 1775 649 9.),
1817 590 1891 630 ex
1922 572 2133 646 quibus
2167 569 2411 627 efficitur
2445 588 2560 626 nu-

331 679 525 720 merus
555 658 677 720 215
718 674 1038 713 annorum:
1083 657 1331 715 Jacobus
1363 657 1770 734 deinde‘atque
1798 653 1939 732 ejus‘
1966 657 2187 731 posteri
2226 655 2351 710 215
2382 656 2556 711 annis

329 750 395 804 in
419 747 687 823 Aegypto
718 740 1099 815 habitarunt}
1148 744 1355 817 quibus
1388 743 1557 797 annis
1591 744 1765 798 simul
1810 742 2015 797 sumtis
2044 758 2267 796 summa
2294 737 2419 795 430
2450 757 2559 795 an-

330 847 541 887 norum
575 825 835 892 efficitur.
922 825 1137 885 Verum
1170 844 1315 901 quae
1345 829 1406 882 in
1439 825 1620 883 codd.
1654 827 1909 884 Samarr.
1948 831 2007 881 et
2039 826 2099 879 in
2128 822 2322 881 Lxx.
2355 823 2558 881 addita

329 918 638 995 leguntur,
696 931 730 967 a
774 912 959 966 totius
1007 913 1367 968 narrationis
1412 905 1701 967 Mosaicae
1743 928 1917 985 scopo
1964 927 2032 964 ac
2087 911 2240 965 serie
2293 910 2374 964 ita
2419 920 2559 966 sunt

332 1001 558 1068 aliena,
612 997 679 1053 u⁹t
708 1016 812 1052 cur
845 994 981 1050 huie
1012 989 1379 1079 potissimum
1424 990 1553 1052 loco
1584 994 1865 1068 ejusmodi
1896 994 2034 1071 qnid
2079 995 2398 1049 immiscere
2427 991 2560 1049 Mo·-

333 1102 425 1140 ses
472 1084 759 1151 voluerit,
812 1077 977 1135 nulla'
1023 1091 1296 1155 appareat
1338 1082 1512 1136 ratio.
1590 1077 1809 1137 Contra
1849 1099 1988 1136 vero
2032 1075 2401 1134 manifestum
2446 1089 2560 1149 est,

332 1167 507 1225 verba
537 1169 650 1222 ista
683 1168 902 1222 inserta
932 1181 1054 1220 esse
1082 1166 1153 1222 ab
1181 1164 1512 1221 hominibus
1549 1165 1881 1222 semidoctis
1899 1205 1918 1236 ,
1977 1166 2078 1239 qui
2101 1165 2216 1219 loci
2249 1160 2559 1219 difficulta-

331 1267 447 1310 tem
491 1254 596 1308 tali
650 1250 1043 1313 additamento
1083 1248 1359 1306 facillime
1407 1267 1740 1329 expugnare
1774 1267 1953 1324 posse
1997 1256 2290 1324 putarent.
2375 1245 2560 1320 Prae-

330 1353 490 1395 terea
521 1335 697 1393 verba
742 1337 874 1390 illa:
935 1332 1035 1392 acal
1069 1331 1132 1394 bs·
1162 1332 1239 1413 γῆ
1280 1331 1570 1405 Χαναὰν,
1605 1352 1677 1389 ne
1721 1335 1949 1408 quidem
1994 1333 2057 1388 in
2091 1332 2358 1389 omnibus
2391 1329 2555 1386 Vers.

327 1423 492 1480 Alex.
525 1420 687 1476 codd.
718 1420 1106 1498 comparuisse
1126 1459 1144 1490 ‚
1201 1405 1316 1476 'sed-
1344 1418 1416 1473 ab
1453 1419 1876 1494 antiquissimis
1910 1418 2089 1474 seculi
2123 1415 2360 1472 secundi
2402 1434 2455 1489 p.
2489 1413 2555 1472 C.

331 1525 391 1564 n.
438 1505 733 1563 codicibus
777 1502 1069 1574 abfuisse,
1110 1505 1277 1564 testis
1319 1514 1408 1559 est
1445 1502 1799 1578 Theophilus
1825 1500 2256 1573 Antiochenus,
2313 1501 2413 1577 qui
2445 1501 2561 1556 etsi

238 1583 243 1591 ⁸
331 1591 484 1648 hanc
524 1591 855 1646 versionem
892 1589 1272 1663 sequebatur,
1328 1605 1448 1643 non
1489 1606 1606 1644 uno
1649 1597 1844 1643 tamen
1880 1587 2009 1644 loco
2056 1583 2172 1661 (ad
2204 1584 2559 1661 Autolycum

330 1676 397 1736 L.
425 1675 524 1733 ΙΙΙ.
567 1672 624 1744 ξ.
653 1674 690 1729 9
736 1684 792 1729 et
822 1666 954 1750 24.)
989 1670 1285 1730 Hebraeos
1329 1673 1455 1728 430
1501 1690 1684 1728 annos
1731 1671 1794 1727 in
1837 1671 2114 1748 Aegypto
2159 1670 2285 1727 solo
2329 1667 2558 1748 degisse

244 1772 289 1782 ·’
333 1760 496 1818 dicit.
582 1757 663 1815 Ut
696 1768 915 1813 eertum
965 1758 1152 1836 igitur
1193 1765 1448 1813 statuere
1476 1761 1815 1834 possumus,
1857 1755 2025 1818 ‘huno
2070 1756 2296 1826 locum,
2355 1756 2555 1829 prouti

266 1871 267 1874 ¹
329 1848 393 1902 in
453 1853 620 1900 textu
677 1836 1067 1900 Masorethico
1125 1843 1378 1922 legitur,
1453 1843 1856 1917 incorruptum
1915 1849 1974 1900 et
2029 1842 2347 1920 genuinum
2409 1857 2554 1894 esse.

327 1929 498 1997 Quod
532 1931 719 2004 ipsum
748 1946 923 2004 quum
956 1935 1015 1983 et
1040 1926 1292 1984 Hebraei
1325 1928 1669 2001 interpretes
1697 1943 1918 2001 semper
1950 1933 2355 2005 agnoscerent,
2398 1922 2558 1979 hunc
2661 1967 2674 1982 ,.

326 2013 425 2070 Vs.
458 2014 799 2088 simpliciter
833 2030 901 2067 ac
932 2011 1192 2069 absolute
1223 2011 1661 2089 intelligendum
1701 2028 1823 2067 esse
1858 2017 2177 2088 negarunt,
2215 1991 2336 2064 sed'
2361 2008 2556 2084 dupli-

328 2095 879 2172 cen1,sy11ccol‹›chen
911 2094 1005 2149 hic
1037 2094 1453 2151 admittendam
1480 2114 1603 2150 esse
1632 2103 1995 2166 statuerunt,
2041 2094 2312 2149 nimirum
2352 2100 2416 2149 ut
2445 2103 2557 2149 no-

327 2184 483 2238 mine
513 2179 1025 2238 ffliorunilsraelis
1060 2179 1171 2253 ipsi
1201 2188 1259 2235 et
1290 2190 1482 2256 patres
1514 2197 1713 2234 eorum
1745 2171 2170 2257 intelligantur,
2199 2187 2256 2233 et
2283 2177 2559 2254 Aegypti

326 2267 564 2323 nomine
612 2266 789 2318 etiam
841 2273 1000 2317 terra
1028 2261 1265 2319 Canaan
1313 2261 1846 2339 comprehendatur.
1935 2266 2122 2340 Atque
2166 2262 2277 2318 hoe
2311 2263 2558 2337 quidem

327 2351 519 2427 posito
558 2349 678 2433 jam
708 2345 1029 2421 Chaldaeus
1068 2348 1389 2424 interpreS,
1442 2345 1765 2411 Jonathan.
1808 2347 2049 2405 Versum
2081 2345 2233 2403 hunc
2263 2348 2557 2422 exposuit.

323 2433 585 2492 Eandem
619 2430 992 2506 computandi
1025 2434 1312 2489 rationem
1343 2443 1621 2508 sequutus
1655 2443 1743 2490 est
1772 2428 2085 2508 Apostolus
2100 2474 2147 2514 ,ι
2160 2432 2295 2489 dum
2325 2432 2455 2488 Gal.
2489 2431 2557 2504 3,

330 2520 427 2575 17.
474 2520 626 2574 inter
658 2517 862 2572 foedus
896 2516 1040 2574 illud
1083 2537 1214 2574 cum
1241 2516 1569 2576 Abrahamo
1597 2522 1885 2575 sancitum
1927 2514 1985 2574 e‘t
2019 2520 2203 2596 legem
2231 2516 2557 2574 Mosaicam

325 2604 523 2660 datam
563 2599 689 2658 430
721 2618 909 2658 annos
956 2602 1349 2659 intercessisse
1379 2601 1549 2659 dixit.
1634 2604 1821 2679 Atque
1853 2604 1938 2659 ita
1980 2604 2158 2659 etiam
2187 2601 2555 2680 Augustinus

256 2696 270 2715 ‘
326 2689 390 2744 in
422 2686 671 2757 Quaest.
704 2685 778 2741 ad
808 2684 865 2741 h.
897 2687 968 2744 1.:
1034 2686 1186 2758 „Ex
1232 2689 1347 2743 illa
1377 2688 1833 2762 promissione‚“
1883 2689 2112 2762 inquit,
2168 2704 2342 2761 „qua
2372 2702 2557 2743 voca-

324 2781 420 2829 tus
453 2768 895 2842 est‘Abraham,
949 2764 1013 2828 >et
1057 2771 1306 2830 credidit
1335 2771 1497 2844 Deo,
1549 2782 1679 2846 post
1712 2773 1836 2829 400
1884 2789 2073 2828 annos
2119 2770 2333 2827 factam
2364 2771 2553 2849 legem

324 2857 473 2915 dicit
498 2850 809 2931 Apostolus
827 2901 842 2925 ,
890 2874 1010 2912 non
1039 2875 1112 2913 ex
1143 2866 1456 2932 tempore„
1491 2875 1604 2933 quo
1630 2854 1807 2913 Jacob
1835 2858 2080 2912 intravit
2111 2857 2176 2912 in
2203 2852 2551 2931 Aegyptum.

322 2941 459 2999 Non
505 2943 698 3015 itaque
741 2940 897 3015 quod
943 2942 1029 2997 ait
1067 2939 1255 3019 (Gen.
1294 2940 1391 3012 15,
1427 2937 1587 3016 13.):
1650 2943 1712 2997 in
1746 2941 2099 3015 servitutem
2135 2939 2414 3013 redigent
2447 2956 2553 2995 aas

324 3034 389 3082 et
420 3024 709 3081 nocebunt
748 3024 902 3096 iuis,
961 3026 1034 3083 ad
1063 3028 1189 3080 400
1213 3043 1403 3082 annos
1445 3025 1804 3082 referendum
1845 3035 1967 3096 est,
2013 3036 2283 3100 tanquam
2321 3043 2422 3098 per
2457 3032 2550 3080 tot

323 3127 511 3166 annos
546 3127 645 3165 eos
675 3108 987 3166 habuerint
1024 3111 1086 3165 in
1121 3112 1437 3187 servitute,
1492 3110 1592 3166 sed
1623 3110 1908 3168 referendi
1941 3119 2077 3167 sunt
2123 3112 2247 3164 400
2300 3110 2441 3165 anni
2473 3107 2553 3165 ad

324 3194 386 3249 id
428 3194 583 3268 quod
622 3194 841 3249 dietum
884 3205 1001 3251 est:
1052 3196 1447 3271 peregrinum
1487 3196 1610 3251 orit
1653 3212 1845 3252 semen
1885 3203 2049 3250 tuum
2091 3196 2156 3251 in
2206 3201 2381 3249 terra
2428 3211 2551 3248 non

312 3270 655 3355 propi-ias
677 3279 847 3353 quia,
907 3281 1029 3335 sive
1062 3282 1124 3335 in
1166 3288 1323 3336 terra
1348 3278 1623 3351 Canaan,
1672 3282 1795 3335 sive
1843 3282 1903 3336 in
1931 3279 2231 3357 Aegypto,
2284 3279 2554 3355 peregri-

323 3378 461 3417 num
512 3371 638 3417 erat
682 3357 829 3419 iunii
870 3382 1123 3436 semen,·
1168 3373 1478 3438 antequam
1518 3364 1926 3421 haereditatem
1971 3373 2266 3420 sumerent
2310 3372 2549 3419 terram.

321 3442 406 3500 Ut
430 3443 788 3520 hyperbaton
821 3447 915 3503 hic
959 3445 1292 3527 (Geneseos
1325 3449 1360 3502 Ι.
1389 3445 1459 3524 1.)
1499 3451 1904 3527 intelligatur,
1956 3459 2014 3504 et
2052 3447 2197 3504 ordo
2231 3446 2548 3504 verborum

208 3565 220 3579 .
321 3529 436 3584 sit:
499 3528 739 3584 sciendo
777 3534 971 3603 seiae,
1029 3534 1174 3610 quia
1205 3534 1241 3589 i.
1274 3552 1323 3589 e.
1375 3532 1529 3608 quod
1569 3534 1953 3610 peregrinum
1997 3533 2123 3589 orit
2152 3547 2343 3588 semu
2376 3530 2548 3587 tuum

322 3612 386 3666 in
421 3621 593 3668 terra
621 3630 737 3669 non
771 3618 1043 3695 propria
1078 3622 1203 3676 400
1232 3634 1457 3690 anno-33
1509 3619 1661 3677 ‘illud
1702 3629 1895 3675 autem
1926 3616 2337 3692 interpositum
2366 3604 2548 3671 intel-

319 3697 579 3783 ligatur:
646 3707 705 3751 εἰ
751 3702 809 3755 in
837 3702 1192 3759 servitutem
1220 3700 1497 3776 redigent
1524 3720 1658 3771 eos,
1713 3711 1774 3758 et
1817 3700 2107 3759 nocebunt
2141 3699 2297 3771 illis,
2357 3700 2441 3755 ita
2475 3710 2549 3756 ut

322 3779 557 3841 ad1400
595 3800 781 3838 annos
813 3785 926 3851 ista
954 3788 1326 3863 interpositio
1371 3805 1490 3843 non
1521 3788 1867 3862 pertineat.“
1949 3785 2214 3844 Similem
2257 3786 2414 3840 viam
2445 3784 2549 3840 in-

321 3865 671 3944 grediuntur
707 3862 993 3926 Danum
1029 3871 1093 3927 in
1123 3869 1475 3941 obser-van.
1505 3868 1614 3928 SS.
1662 3870 1733 3927 T.
1762 3872 1805 3929 1.
1847 3892 1900 3947 p.
1933 3872 2034 3926 09.
2068 3864 2190 3945 sqq.
2238 3878 2297 3927 et
2325 3866 2549 3924 Kos?-

318 3965 440 4006 ΡΕΝ
486 3949 581 4005 die
610 3948 785 4006 Bibol
829 3953 925 4007 ein
970 3951 1158 4011 ll'erk
1202 3956 1309 4012 cler
1342 3949 1519 4030 grial.
1564 3953 1786 4013 lVeisla.
1831 3954 1893 4012 P.
1927 3955 1969 4013 l.
2014 3973 2067 4029 p.
2105 3955 2249 4010 303.
2295 3952 2382 4008 ed.
2422 3970 2542 4009 sec.

314 4034 449 4103 Alia
480 4036 745 4104 ratione,
778 4035 849 4092 ab
886 4036 1153 4115 ingressu
1183 4041 1451 4096 videlicet
1479 4037 1791 4097 Abrahami
1834 4042 1896 4097 in
1927 4032 2144 4096 terram
2173 4037 2546 4095 Cananaeam

314 4119 440 4174 430
472 4137 660 4177 annos
691 4115 801 4176 hoe
828 4118 924 4176 vs.
952 4125 1175 4195 positos
1207 4134 1503 4199 computat
1526 4120 1826 4201 ,Iosephus
1855 4127 1916 4181 iu
1931 4122 2173 4198 Antiqq.
2208 4120 2286 4193 11,
2321 4119 2418 4179 15.
2444 4120 2505 4176 2.
2525 4140 2544 4179 z

314 4197 707 4279 Reliquorum
751 4212 949 4261 autem
989 4205 1330 4285 Aegyptum
1370 4225 1564 4265 mense
1592 4204 1944 4280 Xantltioo,
2004 4206 2397 4283 luna'quiuta
2431 4202 2544 4260 de-

317 4283 505 4356 θῑηῑα,
543 4306 698 4349 anno
726 4290 906 4361 430·‚
935 4299 1263 4369 postquam
1296 4290 1668 4353 Abralumms
1703 4294 1770 4353 iu
1807 4292 2180 4355 Canaviacum
2213 4290 2412 4363 υοηίις
2472 4297 2553 4347 οε·
