2711 4758
263 233 365 308 20
1050 235 1342 315 Genea.
1456 235 1616 334 Cc'zp.
1681 242 1762 306 ι.

267 434 331 485 et
356 433 602 497 terram,
657 428 781 482 tum
807 428 1029 483 motum
1062 424 1246 501 aeris,
1299 425 1522 499 lucem,
1575 424 1783 484 deinde
1813 423 2036 498 sidera,
2095 423 2511 481 discessionem

268 511 437 582 coeli,
478 510 676 579 maris,
719 518 929 577 terrae,
974 520 1143 582 porro
1172 513 1457 583 volueres,
1498 512 1745 587 reptilia,
1773 513 1982 587 pisces,
2012 508 2243 586 aliaque
2269 517 2501 583 postre-

268 614 366 654 mo
398 595 750 663 animantia,
811 595 982 649 etiam
1026 592 1336 653 hominem.
1425 597 1540 663 Qui
1581 597 1880 671 utriusque
1926 594 2337 671 cosmogoniae
2381 610 2516 649 eum

269 677 383 737 hac
427 687 625 733 nostra
663 694 979 733 consensus
1023 696 1152 735 cum
1191 680 1465 738 fortuitus
1509 682 1669 738 nullo
1716 679 1887 736 niodo
1938 698 2066 736 esse
2110 679 2324 752 possit:
2390 677 2518 734 sive

271 761 619 841 Rhoenioios
647 771 707 818 et
728 762 1041 839 Aegyptios
1073 782 1147 820 ex
1179 763 1443 821 Hebraeo
1475 767 1772 841 scriptore,
1798 758 1922 821 sive
1956 781 2031 820 ex
2060 760 2523 821 inis-Hebraeum

273 864 380 905 sua
413 845 678 904 hausisse
716 863 955 902 neccsse
986 857 1091 906 est.
1179 849 1293 906 Sed
1305 847 1397 904 “ab
1429 847 1744 919 Hebraeis,
1799 849 1836 905 i.
1867 868 1916 905 e.
1945 865 1981 903 a
2013 848 2258 924 populo,
2302 847 2401 920 qui
2439 847 2530 913 li<

272 942 525 989 terarum
571 939 632 986 ct
673 930 1044 988 scientiarum
1087 934 1292 991 studiis
1341 934 1502 993 nullo
1538 942 2074 1010 unquam‘tcmpore
2105 930 2332 1001 floruit,
2388 930 2525 1005 quis

275 1015 473 1075 eredat
504 1014 642 1071 talia
671 1023 958 1071 mutuatos
986 1016 1487 1075 esse'Phoenicios
1515 1028 1586 1075 et‘
1610 1016 1923 1096 Aegyptios
1941 1056 1960 1086 ,
2004 1015 2208 1091 quibus
2242 1015 2530 1081 scientia-

273 1118 404 1163 rum
453 1100 774 1175 artiumque
820 1100 1104 1157 elementa
1145 1104 1406 1178 unanimi
1446 1121 1734 1162 consensu
1782 1111 2016 1177 accepta
2051 1100 2314 1175 referunt
2341 1100 2530 1156 ceteri

276 1182 476 1241 ‘omnes‘
513 1182 878 1258 antiquitatis
909 1184 1147 1258 populi?
1231 1185 1426 1253 Quare
1456 1185 1649 1245 Moses
1678 1189 1804 1243 sive
1835 1186 2148 1263 Aegyptios
2178 1183 2304 1241 sive
2329 1180 2529 1240 Phoe-

277 1270 465 1327 nicius
497 1268 754 1355 imitatus
786 1267 1063 1331 dicendus
1108 1271 1234 1333 erit.
1307 1270 1384 1329 Et
1432 1291 1541 1350 ego
1589 1271 1818 1348 quidem
1851 1268 2052 1326 Mosen
2086 1286 2192 1325 sua
2224 1285 2298 1324 ex
2319 1265 2533 1345 -Acg‘y‘-

190 1406 194 1410 .
273 1354 526 1429 ptiorum
560 1350 822 1408 doctrina
849 1351 1113 1411 hausisse
1143 1366 1375 1430 putem3
1422 1354 1625 1413 horum
1657 1357 1806 1412 enim
1839 1356 2021 1414 literis
2056 1351 2331 1425 imbutum
2359 1353 2535 1409 illum

277 1438 465 1497 fuisse
495 1437 589 1495 v'el
621 1435 757 1494 inde
790 1435 1060 1494 credibile
1092 1450 1211 1511 est,
1252 1439 1406 1515 quod
1438 1448 1712 1515 tanquam
1742 1440 2015 1515 principis
2044 1437 2294 1495 feminae
2326 1435 2534 1514 Aegy-

276 1523 442 1598 ptiae
471 1520 623 1577 filius
656 1519 922 1593 habitus,
968 1531 1140 1599 atqu'e
1171 1534 1238 1580 ut
1272 1525 1403 1581 talis
1434 1525 1655 1581 liberali
1686 1523 1845 1582 ‘haud
1878 1521 2047 1579 dubie
2089 1516 2433 1582 educatione
2468 1528 2538 1576 et

278 1605 585 1682 disciplina
613 1605 917 1665 institutus
947 1617 1134 1680 esset,
1183 1609 1299 1665 nisi
1329 1620 1387 1665 et
1413 1609 1521 1665 hoc
1554 1607 1767 1666 diserte
1792 1598 2127 1683 'Stephanus
2150 1647 2166 1677 ,
2204 1611 2535 1680 protomar-

279 1696 397 1768 tyr,
444 1698 753 1749 testaretur
783 1689 866 1764 ⁸²).
950 1690 1142 1757 Quum
1174 1695 1556 1751 constitutum
1588 1702 1744 1750 esset
1777 1692 1960 1764 Mosi,
2002 1691 2299 1749 historiam
2332 1689 2536 1766 gentis

281 1792 422 1837 suae
458 1773 529 1830 ab
559 1778 685 1849 ejus
721 1773 946 1859 origine
976 1795 1298 1859 exponere,
1341 1787 1401 1835 et
1431 1798 1507 1835 ex
1540 1795 1608 1835 ea
1635 1776 1866 1850 docere,
1907 1782 2152 1854 mnjores
2183 1772 2544 1839 ludaeorum

280 1876 506 1935 semper
535 1857 725 1915 Deum
764 1876 940 1923 unum
978 1871 1037 1921 et
1084 1880 1285 1923 verum
1328 1863 1606 1935 coluisse,
1672 1872 1799 1919 erat
1841 1863 1953 1939 ipsi
1995 1860 2210 1936 duplici
2254 1857 2325 1913 de
2356 1872 2542 1912 causa

282 1946 521 2002 creatio
549 1943 753 2003 mundi
812 1945 1188 2023 attingenda,
1266 1958 1327 2004 et
1376 1958 1444 2005 ut
1493 1948 1777 2024 originem
1819 1945 2165 2004 Judaeorum
2215 1943 2541 2015 explicaret

284 2045 526 2104 eamque
556 2036 843 2101 repeteret
871 2027 940 2084 ab
970 2030 1187 2086 ultimis
1217 2034 1448 2116 generis
1476 2028 1712 2087 humani
1742 2029 2084 2107 prirnordiis,
2119 2036 2178 2082 et
2193 2035 2258 2081 ut
2275 2024 2539 2094 doceret,

283 2111 474 2175 Deum
504 2117 931 2191 esse¹tanquam
961 2123 1254 2173 auctorem
1285 2134 1474 2172 rerum
1503 2117 1758 2174 omnium
1787 2113 2102 2171 colendum.
2143 2109 2224 2174 Et
2250 2106 2545 2185 quemad-

282 2194 519 2256 modum
549 2191 750 2251 Mosen
779 2196 965 2271 plura,
1009 2215 1156 2280 quae
1192 2199 1266 2255 ad
1300 2199 1518 2257 cultum
1547 2217 1775 2261 sacrum
1804 2206 2104 2275 spectant,
2137 2194 2206 2251 ab
2232 2188 2542 2276 Aegyptiis

285 2288 615 2340 mutuatum
644 2290 771 2336 esse
802 2293 1064 2355 constat;
1126 2283 1211 2340 ita
1239 2293 1301 2340 et
1322 2284 1408 2341 illi
1436 2301 1576 2357 suo,
1619 2283 1772 2366 quod
1807 2284 2057 2347 diximus
2077 2321 2096 2352 ,
2132 2278 2378 2338 consilio
2412 2277 2547 2353 pri·-

286 2366 472 2425 mario
506 2384 633 2422 eum
672 2367 1132 2424 accommodasse
1170 2369 1482 2427 verisimile
1511 2381 1621 2442 est,
1650 2388 1797 2450 quae
1826 2366 2186 2426 sacerdotum
2214 2361 2543 2441 Aegyptio-

288 2468 420 2512 tum
450 2449 754 2525 disciplina
781 2449 853 2508 do
882 2470 1071 2509 rerum
1103 2455 1329 2533 origiue
1359 2454 1616 2516 tradidit,
1692 2453 2033 2512 Phoenicius
2064 2468 2291 2528 quoque
2327 2466 2433 2504 sua
2467 2445 2560 2519 ab„

292 2531 593 2611 Aegyptiis
642 2537 934 2611 accepisse
984 2536 1277 2595 crederim.
1368 2539 1533 2606 Quae
1577 2539 1628 2596 si
1671 2558 1806 2596 vere
1840 2539 2018 2595 scita
2051 2534 2302 2602 habent,
2362 2532 2547 2593 trium

292 2619 525 2680 illarum
555 2622 1058 2699 cosmogoniarum
1084 2639 1402 2686 consensus
1436 2625 1657 2685 nemini
1683 2624 1864 2684 mirus
1897 2619 2187 2682 videbitur
2209 2621 2315 2696 ss),

291 2753 864 2796 ...-.-........!..-.-..-
890 2773 893 2780 ·

432 2878 484 2944 ¹⁸)
514 2882 631 2936 Act.
671 2885 721 2945 7,
762 2885 850 2937 22.
884 2884 1155 2947 Aegyptiis
1188 2885 1320 2935 banc
1358 2885 1532 2935 deberi
1569 2886 1631 2932 de
1664 2895 1840 2932 rerum
1875 2885 1995 2934 ortu
2034 2881 2407 2939 narrationem,
2440 2876 2552 2937 jam

296 2950 431 3001 dixit
456 2956 760 3006 Stnvucms
803 2953 895 3015 (in
934 2955 1091 3008 Arist.
1130 2956 1282 3015 Phys.
1331 2956 1368 3002 1.
1411 2961 1459 3004 8.
1520 2956 1556 3002 f.
1588 2958 1710 3002 268.
1760 2955 1905 3014 apud
1958 2951 2173 3014 Moysen
2225 2941 2431 3016 μυθικῆ
2469 2950 2551 3002 τίς

296 3019 440 3073 ἴσην
475 3016 762 3087 παράδοσις
793 3023 881 3073 καὶ
912 3019 1019 3075 ἀπὸ
1052 3020 1238 3090 μύθων
1271 3023 1572 3088 Αἰγυπτίων
1620 3013 1984 3087 εἶλκυσμένήῂ
2048 3036 2196 3083 quam
2238 3017 2554 3067 sententiam

294 3097 479 3144 nostra
515 3097 684 3141 aetate
731 3094 1154 3144 coinmendarunt
1188 3094 1406 3146 Hazza:
1468 3092 1590 3140 [Ιώ.
1645 3093 1695 3138 d.
1751 3089 1920 3149 quell.
1973 3093 2067 3139 der
2121 3090 2251 3137 Mos.
2294 3085 2549 3151 Urgeselz.

296 3164 476 3220 Lemg.
507 3163 655 3209 1780.
691 3166 743 3213 et
772 3164 978 3215 HASSE:
1019 3163 1073 3209 iu
1105 3163 1153 3208 d.
1189 3162 1597 3224 Entdeckungen
1632 3165 1699 3208 s'm
1727 3160 1883 3210 Fclde
1919 3166 2018 3210 etc.
2055 3163 2110 3209 Ρ.
2144 3161 2183 3206 1.
2224 3175 2275 3220 p.
2312 3159 2400 3207 71.
2436 3170 2547 3215 sqq.

299 3230 388 3282 ubi
424 3231 780 3284 demonstrare
817 3231 1039 3291 studuit,
1090 3227 1476 3292 cosmogoniam
1514 3231 1795 3285 Mosaicam
1831 3232 2065 3279 haustam
2105 3240 2221 3276 esse
2260 3241 2331 3275 ex
2368 3225 2554 3273 iisdem

299 3300 407 3349 illis
446 3300 818 3362 Aegyptiorum
854 3299 1061 3365 scriptis
1103 3301 1285 3363 sacris,
1323 3304 1523 3351 Taanto
1564 3301 1796 3362 tributis,
1844 3316 1872 3350 e
1915 3302 2096 3364 quibus
2129 3296 2554 3345 Sanchuniathon

301 3376 357 3418 et
391 3371 540 3418 Plato
581 3371 671 3434 (in
709 3369 958 3429 Timaeo)
1013 3382 1134 3417 suas
1175 3372 1540 3432 cosmagonias
1577 3371 1866 3423 hauserint.
1939 3373 2015 3419 cs.
2053 3372 2321 3418 Srao‘rmr
2356 3364 2554 3410 Paral-

300 3439 434 3489 lelen
469 3453 569 3487 zur
608 3438 798 3491 Gescla.
832 3440 879 3486 d.
915 3437 980 3488 A.
1026 3438 1081 3484 T.
1099 3472 1114 3500 ,
1150 3454 1253 3490 aus
1281 3441 1479 3506 griech-
1511 3441 1973 3507 Scbmflstellern,
2025 3438 2084 3486 in
2115 3434 2419 3488 Eiehhornii
2448 3433 2555 3481 Re-

292 3512 534 3580 pertorn'o
566 3510 625 3558 P.
661 3508 798 3555 xvi.
838 3523 892 3569 p.
935 3510 1023 3560 79.
1057 3521 1172 3570 sqq.

439 3607 521 3671 ¹'⁸')
583 3610 710 3656 Cum
748 3607 978 3658 Mosaica
1015 3612 1352 3673 cosmogonis
1386 3611 1440 3664 in
1475 3611 1744 3664 nonnullis
1785 3623 1990 3671 quoque
2028 3606 2292 3658 consentit
2327 3601 2555 3665 Persica,

303 3678 361 3732 iu
402 3693 467 3729 eo
504 3677 847 3747 potissimum,
881 3679 1018 3744 quod
1049 3695 1117 3729 ex
1156 3697 1218 3732 ea
1247 3684 1580 3744 Oromazdes,
1620 3681 1803 3730 summi
1832 3678 2060 3726 numinis
2086 3678 2304 3739 primum
2331 3673 2556 3735 genitus,

304 3748 443 3798 busso
479 3747 724 3797 mundum
757 3761 858 3794 δελ·
897 3750 1213 3809 temporibus
1253 3752 1473 3814 creavit,
1512 3751 1661 3802 initio
1698 3753 1835 3803 facto
1874 3762 1907 3807 a
1941 3747 2155 3808 lumine,
2194 3750 2248 3793 et
2283 3749 2555 3804 postquam

307 3819 484 3868 omnia
518 3815 863 3880 absolvisset,
921 3819 1054 3866 testa
1087 3822 1390 3872 celebravit.
1463 3821 1574 3869 Vid.
1623 3818 1989 3877 Zemlavesta,
2033 3813 2346 3864 zoroaster-s
2383 3812 2554 3857 leben-

307 3888 449 3951 dign
507 3885 654 3935 ”fort
682 3887 779 3935 rel.
819 3901 851 3936 a
888 3887 937 3938 J.
971 3888 1031 3937 F.
1066 3890 1328 3943 Κικυκεῑι
1364 3890 1415 3938 in
1453 3891 1618 3951 linga.
1651 3893 1850 3937 teuton.
1888 3886 2127 3935 translat.
2164 3882 2279 3929 Vol.
2307 3883 2349 3925 1.
2386 3880 2554 3957 92²¹·

308 3958 397 4008 21.
438 3963 491 4005 et
525 3955 644 4005 Vol·
680 3957 748 4006 11.
809 3973 859 4017 p.
902 3958 1017 4006 150.
1090 3958 1251 4014 Quem
1302 3960 1468 4012 Mosis
1517 3963 1570 4006 et
1613 3957 1912 4006 Zoroastris
1947 3965 2260 4004 consensum
2295 3962 2401 3996 non
2439 3947 2554 3994 unde
2601 3964 2606 3976 ¹

313 4041 430 4076 esse
464 4031 658 4087 putem,
702 4027 841 4090 quod
872 4028 1125 4076 alteruter
1152 4032 1375 4078 alterum
1405 4030 1474 4077 sit
1505 4028 1765 4084 imitatus,
1805 4025 1898 4076 sed
1924 4023 2126 4070 videtur
2164 4024 2400 4077 utraque,
2435 4018 2559 4064 Per-

313 4096 423 4144 sica
460 4099 514 4146 et
550 4095 815 4158 mosaica,
864 4095 978 4145 sive
1014 4085 1363 4165 Aegyptiace,
1425 4095 1760 4159 cosmogonia
1801 4107 1870 4146 ex
1911 4088 2170 4144 communi
2199 4081 2377 4147 alicua
2409 4091 2559 4138 ’10²⁰-

314 4165 478 4216 stiore
510 4165 655 4218 rente
694 4164 927 4218 derivata
963 4180 1097 4219 esse.
2242 4168 2252 4173 ’
