2711 4758
608 180 621 224 l

707 285 1421 378 Exod.Cap.14,
1480 306 1722 377 7—-9,
2210 292 2371 368 369
2426 231 2552 345 s

130 467 393 527 omnibus
423 469 725 572 curribus,
779 469 934 536 haud
961 470 1104 529 adeo
1136 459 1358 530 certum
1393 481 1499 528 est.
1563 456 1820 530 Onkelos
1864 453 2074 534 vertit.
2133 486 2197 535 st
2211 482 2350 550 vin·
2459 475 2483 512 ‘

108 554 330 626 fortes
371 556 699 613 constituti
741 575 924 635 super
968 574 1160 615 omnes
1205 557 1345 615 illis.
1424 555 1528 615 Sie
1561 565 1619 611 et
1656 551 1753 628 15,
1782 560 1841 617 4.
1883 557 2120 622 numiui
2165 569 2346 638 vertit

109 638 330 710 fortes
364 656 515 710 ojus.
603 642 770 708 Quod
807 653 1085 718 sequutus
1117 641 1313 699 Jarchi
1346 641 1587 718 exponit
1616 639 1792 698 duces
1832 627 2242 721 exet-cibum,
2281 662 2342 714 et

108 723 407 784 Saadias.
454 724 805 801 praefecti,
859 744 904 781 s.
939 727 1136 783 duces.
1205 725 1403 784 Lxx.
1439 725 1598 784 vocis
1641 726 1926 826 originem
1966 733 2340 805 respicientes

124 808 375 868 reddunt
415 806 518 870 καὶ
545 806 879 887 τριστάτας.
958 808 1172 868 Verum
1205 820 1264 867 et
1294 810 1362 866 de
1387 791 1556 884 buJus
1589 801 1843 880 nominis
1868 813 2214 892 signifieatu.
2233 839 2338 878 va-

123 897 250 953 riae
278 903 416 950 sunt
443 897 794 968 sententiae,
833 914 975 973 quas
1007 893 1183 954 refert
1211 894 1498 974 Origenes
1534 899 1596 952 in
1628 892 1860 953 Catenis
1893 893 2120 966 ineditt.
2151 905 2246 963 ad
2278 902 2335 968 h.

121 981 164 1037 l.
204 976 357 1053 apud
393 975 802 1040 Montefalcon.
876 980 1093 1040 Earum
1140 979 1564 1037 verisimillima
1606 989 1725 1051 est,
1787 974 2113 1059 τριστάτᾳς
2155 983 2336 1054 fuisse

120 1080 367 1141 magnos
405 1081 647 1137 currus,
698 1066 958 1142 quitres
988 1063 1255 1122 homines·
1279 1075 1582 1140 caperent,
1624 1074 1692 1121 ut
1735 1084 1887 1122 uuus
1922 1068 2130 1145 auriga
2163 1083 2334 1142 esset,

104 1149 238 1208 duo
280 1155 468 1214 autem
496 1160 843 1227 pugnarent.
904 1147 987 1206 cf.
1017 1147 1148 1206 JAC.
1175 1147 1405 1206 erus
1440 1151 1500 1205 in
1540 1147 1849 1227 Syntagaea.
1883 1150 1953 1207 de
1978 1169 2047 1206 re
2078 1154 2338 1220 militari
2389 1205 2394 1212 .

120 1232 184 1291 L.
215 1229 286 1288 11.
323 1228 457 1307 Cap.
491 1232 550 1288 3.
592 1253 646 1309 p.
682 1235 785 1292 39.
824 1235 1126 1291 existimat
1168 1252 1202 1289 a
1234 1235 1493 1290 ternario
1528 1252 1784 1310 numero
1808 1233 1994 1292 dicto‘s
2039 1237 2332 1298 tristatas

115 1316 334 1374 milites
380 1319 637 1373 omnium
672 1321 1109 1378 strenuissimos
1141 1327 1200 1375 et
1244 1336 1449 1375 revera
1489 1320 1762 1392 antiquos
1799 1319 2096 1390 triarios,
2137 1325 2239 1395 qui
2271 1324 2335 1380 in

116 1402 312 1464 locum
341 1400 585 1457 duarum
614 1404 884 1462 classium
909 1404 1272 1472 militarium,
1309 1401 1362 1458 si
1391 1413 1636 1479 utraque
1662 1403 2100 1459 succumberet
2084 1424 2144 1460 ιιι
2163 1425 2335 1481 proe-

73 1500 78 1512 ·
111 1485 197 1542 lio
218 1525 237 1556 ‚
297 1495 574 1561 tanquam
617 1489 813 1562 potior
848 1488 1136 1544 exercitus
1173 1504 1342 1562 pars,
1401 1487 1813 1558 succedebant,
1859 1496 1917 1543 et
1947 1505 2070 1543 rem
2104 1485 2337 1548 fortiter

112 1568 430 1649 gerebant,
483 1579 549 1627 ut
579 1565 804 1629 ‘lriarii
843 1574 905 1628 in
934 1572 1195 1628 exercitu
1224 1569 1656 1643 Romanorum,
1701 1571 1771 1629 de
1799 1571 2005 1648 quibus
2031 1572 2200 1647 plura
2230 1571 2336 1630 Li-

113 1656 251 1711 vius
292 1655 352 1725 8,
385 1653 441 1708 8.
486 1651 682 1710 Varro
712 1654 947 1731 deling.
981 1655 1177 1725 lat.4,
1215 1657 1311 1712 16.
1395 1656 1585 1713 Aliam
1618 1659 1914 1730 praeterea
1946 1658 2335 1729 conjecturam

108 1738 397 1840 proponit
424 1737 684 1815 Lydius,
723 1757 898 1815 quum
929 1741 990 1796 in
1019 1735 1280 1814 pluribus
1307 1740 1531 1819 linguis
1569 1742 1857 1796 ternarius
1896 1759 2169 1797 numerus
2211 1762 2336 1801 rem

109 1824 175 1880 in
207 1821 746 1895 majusaextonendi
776 1836 835 1879 et
864 1823 1260 1903 exaggerandi
1291 1825 1411 1888 vim
1443 1823 1668 1895 babeat,
1710 1834 1768 1880 et
1807 1827 1865 1881 in
1904 1830 2334 1922 comparatione

92 1905 271 1964 ultra
318 1907 554 1962 tertium
585 1908 830 1985 gradum
879 1927 997 1964 nou
1028 1909 1260 1964 ascendi
1281 1910 1501 1978 soleat,
1554 1927 1720 1984 posse
1752 1927 1854 1984 per
1890 1904 2063 1996 ηιξ-25
2090 1909 2214 1981 sm
2220 1913 2333 1967 ets

90 1992 324 2048 simum
332 1989 730 2070 significari,
768 1993 933 2069 quasi
976 2011 1140 2062 eum,
1200 1993 1301 2067 qui
1336 1994 1572 2049 tertium
1618 2003 1677 2049 et
1716 2012 2042 2069 supremum
2087 1997 2331 2073 gradum

106 2075 482 2134 fortitudinis
515 2076 805 2148 obtineat,
850 2095 957 2152 pro
990 2095 1103 2153 quo
1137 2077 1347 2134 Graeci
1380 2075 1582 2134 dieunt
1615 2076 2056 2155 τρισαριστεὺς,
2103 2089 2158 2134 et
2175 2079 2332 2138 Gall-i

108 2160 402 2231 tresfort.
486 2157 671 2216 Nobis
722 2162 947 2238 quidem
992 2163 1181 2239 magis
1240 2171 1331 2218 est
1373 2163 1724 2233 verisimile,
1787 2173 2006 2220 certum
2049 2165 2334 2240 quendam

102 2246 363 2301 militum
418 2243 683 2301 ordinem
720 2248 953 2303 nomine
999 2244 1266 2302 Hebraeo
1315 2256 1374 2303 et
1415 2247 1637 2304 Graeco
1686 2247 2047 2328 significari,
2105 2251 2333 2324 qualem

106 2337 339 2400 tamen,
372 2331 546 2386 n‘emo
570 2329 754 2387 facile
781 2330 1126 2388 definiverit
1176 2362 1249 2372 —
1304 2332 1361 2388 8.
1407 2335 1549 2391 π72Ἷ
1577 2344 1689 2394 *1³3
1724 2334 1916 2413 2:³⁸3*
1947 2328 2160 2424 *seez
2199 2341 2326 2395 ³3:17

103 2411 191 2471 Et
224 2411 364 2488 fitia·
398 2410 606 2470 Israel
627 2412 877 2472 exibant
909 2432 1038 2471 cum
1080 2434 1256 2471 manu
1305 2401 1506 2486 elata,
1525 2397 1698 2492 quod
1736 2402 1993 2475 Onk²elos
2024 2427 2195 2473 recte
2237 2414 2331 2473 in-

98 2506 502 2575 terpretatur.
567 2496 665 2592 ἧι
713 2500 886 2591 αἰδῄε.
920 2499 1125 2577 capz'te
1157 2509 1409 2578 aperto,
1446 2500 1485 2555 i.
1515 2519 1562 2556 e.
1595 2504 1820 2576 polam,
1859 2502 2148 2577 animose,
2187 2520 2329 2558 con-

95 2582 362 2642 fidenter.
459 2582 628 2650 Quod
649 2566 1047 2643 confirmatur
1086 2603 1156 2642 eo
1188 2584 1341 2660 quod
1381 2581 1556 2645 Num.
1583 2584 1685 2656 33,
1717 2584 1775 2642 3.
1815 2584 1952 2642 huic
1979 2582 2178 2660 phrasi
2219 2585 2324 2643 ad-

100 2669 298 2728 ditur.
380 2675 698 2760 Εῆῆιξυ·
713 2663 992 2761 5231222ξό
1024 2666 1455 2746 spectantibus
1482 2668 1745 2725 omnibus
1773 2668 2117 2746 Aegyptiis.
2309 2694 2314 2699 ·

270 2734 831 2839 9..10.'=:3=1b-⁷.='·.·2
888 2735 1103 2811 Onnes
1130 2754 1315 2829 oqui,
1346 2756 1385 2811 i.
1417 2772 1465 2809 e.
1507 2755 2331 2831 acumlesetmingularen

89 2855 255 2914 quae
278 2839 398 2897 duo
432 2837 729 2913 equitatus
757 2856 971 2915 genera
994 2838 1367 2914 sequentibus
1395 2818 1588 2894 verbis
1611 2842 2022 2905 memorantur.
2059 2868 2132 2881 -
2173 2837 2332 2897 Mul.-

90 2932 228 2989 tum
268 2924 515 2997 juvaret
548 2938 658 2989 uos
696 2921 795 2981 ad
800 2924 1006 2979 melius
1043 2923 1483 3000 intelligendam
1520 2919 1670 2978 hane
1704 2919 2011 2979 historiam
2045 2922 2330 2993 transitus

94 3006 514 3075 Israelitarum
540 3024 643 3081 per
674 3018 833 3067 mare
861 3003 1283 3081 Erythraeum,
1331 3008 1436 3083 qui
1460 3007 1742 3065 transitus
1770 3005 1843 3067 ab
1873 3023 2112 3062 aceessu-
2146 3016 2207 3077 et
2237 3024 2332 3064 re-

99 3110 268 3153 cessu
315 3094 509 3159 maris
542 3089 853 3165 pendebat,
900 3092 955 3146 si
985 3102 1138 3149 certe
1187 3093 1502 3162 sciremus,
1566 3109 1680 3166 quo
1723 3090 1936 3159 mensis
1977 3090 2073 3159 die
2101 3088 2329 3161 Pharao

99 3174 402 3237 Israelitas
429 3184 780 3251 assequutus
814 3177 911 3233 sit.
970 3174 1092 3234 Sed
1118 3179 1180 3237 in
1211 3185 1378 3235 tanto
1406 3176 1648 3239 silentio,
1668 3174 1850 3233 Mosis
1871 3175 2328 3246 incerti-sumus.

92 3259 309 3331 ,Iudaei
343 3260 630 3330 tradunt,
670 3257 1033 3318 Pharaonem
1069 3259 1362 3318 israelitas
1392 3261 1486 3318 die
1516 3260 1616 3317 21.
1649 3260 1887 3335 Nisanis
1915 3270 2330 3334 consequutum

96 3365 260 3416 esse,
305 3349 392 3405 ita
429 3354 500 3407 ut
533 3346 768 3405 illorum
806 3346 1090 3402 transitus
1118 3364 1217 3417 ea,
1262 3363 1407 3420 quae
1437 3344 1590 3402 hunc
1620 3344 1772 3415 diem
1793 3342 2176 3417 sequebatur,
2220 3356 2332 3402 nos

96 3441 191 3487 nte
234 3430 429 3487 faetus
478 3431 595 3500 sit,
655 3427 790 3484 hinc
831 3430 1003 3486 etiam
1047 3447 1384 3505 azymorum
1418 3427 1627 3489 festum
1669 3430 1772 3485 illo
1809 3429 1934 3502 ipso
1963 3426 2057 3483 die
2083 3424 2329 3500 absolvi,

98 3512 174 3573 cf.
215 3516 315 3585 12,
355 3516 455 3571 18.
543 3512 711 3570 Hanc
753 3514 1030 3587 temporis
1059 3513 1346 3571 rationem
1379 3516 1521 3570 satis
1553 3512 1922 3570 verisimilem
1955 3529 2110 3583 esse,
2165 3524 2331 3590 putat

99 3594 153 3653 J.
187 3595 262 3655 1).
292 3596 651 3656 ΜιεΗΑειιε
687 3599 750 3653 in
780 3599 935 3654 notis
965 3597 1036 3655 ad
1069 3596 1123 3653 h.
1152 3598 1227 3670 1.,
1286 3597 1685 3671 israelitarum
1718 3598 1933 3653 itinera
1966 3603 2024 3652 et
2065 3598 2328 3656 locorum

96 3681 446 3739 distantiam
498 3690 872 3757 computans(
939 3680 1032 3739 Ex
1079 3683 1200 3755 ejus
1241 3685 1471 3739 ratione
1519 3682 1572 3740 d.
1625 3680 1720 3737 15.
1749 3680 1987 3738 Nisanis
2032 3680 2331 3740 Israelitae

98 3784 132 3821 e
178 3762 493 3822 Raamsese
522 3763 869 3823 Suceotham
899 3768 1295 3846 emigrarunt,
1346 3768 1443 3838 12,
1474 3768 1608 3839 37„
1651 3765 1705 3823 d.
1746 3766 1836 3822 16.
1865 3764 2102 3822 Nisanis
2135 3768 2331 3825 eSuc·

100 3849 278 3907 eotha
326 3852 587 3928 egressi,
655 3859 845 3906 eastra
884 3852 1085 3907 metati
1133 3860 1271 3908 sunt
1310 3849 1581 3923 Ethami,
1653 3850 1749 3920 13,
1793 3849 1935 3925 20.,
1987 3852 2039 3908 (1.
2075 3852 2169 3908 17.
2198 3849 2325 3908 Nis.

91 3932 341 3992 Ethami
377 3935 671 4010 quievisse
701 3935 1007 4009 videntur3
1070 3934 1123 3990 d.
1168 3936 1263 3992 18.
1295 3935 1421 3992 Nis.
1467 3935 1563 3991 ad·
1589 3935 1927 3994 Africanum
1973 3936 2136 3992 sinus
2177 3936 2326 3992 Ara-

103 4015 223 4073 bici
256 4019 412 4074 latus
461 4016 811 4091 tendebant,
870 4029 926 4075 et
969 4021 1075 4077 sub
1115 4037 1414 4095 vesperam
1457 4030 1650 4076 eastra
1681 4020 1972 4096 ponebant
2019 4040 2049 4075 e
2090 4021 2329 4096 regione

97 4097 521 4161 Picbachiroth
542 4142 563 4173 ,
607 4104 705 4175 14,
735 4104 792 4160 2.
836 4102 1099 4175 Pharao,
1145 4106 1245 4180 qui
1280 4124 1383 4181 per
1404 4107 1751 4180 praemissos
1777 4106 2172 4180 exploratores
2202 4103 2329 4157 sine

103 4182 288 4241 dubio
306 4181 632 4251 Israelitas
667 4188 964 4246 observari
986 4189 1272 4262 jusserat,
1314 4208 1434 4247 non
1473 4197 1609 4244 ante
1652 4191 1948 4246 meridiem
1984 4186 2036 4242 d.
2074 4187 2168 4244 19.
2201 4185 2331 4242 Nis.

100 4285 320 4329 currus
348 4275 409 4322 et
434 4270 755 4330 exercitum
782 4284 1047 4349 paratum
1088 4274 1328 4331 educere
1360 4265 1568 4350 potuit.
1655 4274 1846 4341 Quum
1881 4273 2065 4350 igitur
2099 4269 2332 4333 Israeli·
2371 4296 2381 4309 ·

99 4363 196 4410 tae
216 4353 349 4428 jam
377 4353 495 4417 iter
525 4353 718 4417 tridui
731 4357 1148 4455 confecissem,
1190 4356 1419 4419 Pharao
1434 4399 1456 4432 ,
1495 4358 1672 4415 etiam
1703 4374 1924 4425 summa
1949 4353 2210 4414 adhibita
2236 4371 2332 4411 oe-

180 4437 226 4498 1.
809 4486 815 4501 .
1551 4443 1675 4511 Aa

941 4537 967 4563 N

1987 4540 2032 4571 s
