2711 4758
809 286 1068 354 Exod.
1170 285 1330 376 Cap.
1380 303 1507 370 ιο,
1566 301 1681 348 aa.
2252 282 2401 354 335

161 489 361 556 quens.
449 471 639 531 Causa
667 471 788 544 ejus
822 478 911 527 est
942 477 1151 528 ventus
1182 453 1687 538 calidus‘desertl,
1724 455 1826 544 qni
1854 464 2141 527 Arabibus
2167 463 2404 530 Samum

160 564 399 634 dicitur,
430 539 647 615 Tui-cis
679 553 933 624 Samia,
976 553 1264 612 Arabibus
1290 553 1598 631 Aegyptiis
1633 550 1912 610 Chamsin
1960 549 2195 633 (ventus
2229 555 2402 630 quiu-

146 658 567 726 ‘quctgenoruny
612 634 943 716 dierum),‘
988 637 1047 695 a‘
1075 638 1503 717 quinquaginta
1546 636 1746 694 diebus
1787 641 1948 695 intra
1992 637 2296 696 Paschatis
2341 651 2405 700 et

165 733 539 791 Pentecosten
569 725 815 795 festum,
873 743 976 800 per
1042 740 1149 782 uos=
1182 724 1243 778 in
1278 721 1549 800 Aegypto
1591 740 1841 801 regnare
1871 723 2034 779 solet.
2098 722 2273 780 Calor
2298 727 2399 798 ati·-¹

162 819 249 874 ris
290 795 400 869 'illo
448 810 625 868 ssantc
668 827 786 865 non
823 743 1108 864 absimilis
1150 815 1240 863 est
1283 808 1501 876 calori,
1557 807 1658 883 qui
1701 826 1769 864 eo
1802 809 2075 882 temporis
2105 822 2398 868 momento

161 898 438 969 sentitur,
488 914 602 972 quo
634 894 803 970 panis
835 903 1034 950 coctus
1067 909 1140 948 ex
1166 890 1343 948 furno
1371 889 1723 948 extrahitur.
1808 893 1939 960 Quo
1972 902 2227 967 tempore
2254 912 2396 952 ven-

162 997 267 1042 tus-
297 981 513 1042 deserti
540 978 762 1035 calidus
788 975 931 1033 flare
961 977 1205 1052 incipit,
1251 980 1351 1031 aer
1384 982 1473 1031 est
1505 976 1881 1048 inconstans,
1934 978 2196 1046 coelum,
2244 981 2397 1036 alio-

158 1069 311 1145 quin
348 1067 409 1122 in
457 1065 568 1122 hoc
617 1073 906 1122 terrarum
959 1070 1155 1118 tractu
1200 1075 1412 1135 purum
1472 1069 1530 1116 et
1575 1075 1879 1131 serenum,
1939 1060 2009 1117 fit
2061 1061 2396 1138 turbidum;

162 1143 288 1221 sol,
336 1145 653 1224 splendore
677 1163 787 1202 suo
815 1147 1091 1216 orbatus,
1137 1145 1333 1201 orbem
1360 1141 1541 1220 refert
1567 1144 1906 1202 violaceum.
1966 1146 2082 1203 Αόι·
2110 1164 2231 1208 nou
2260 1151 2393 1222 qui-

160 1235 635 1296 demmebulosus
667 1231 785 1288 dici
814 1239 1042 1305 potest,
1084 1240 1174 1286 cst
1200 1237 1393 1290 autem
1430 1230 1691 1285 cinereus
1732 1229 1856 1285 sive
1889 1231 2164 1308 glaucus,
2211 1232 2393 1291 refer-
2468 1284 2482 1298 ,

160 1332 259 1378 tus
299 1315 702 1375 subtilissimis
756 1316 1131 1389 pulvisculis,
1207 1330 1519 1388 numquam
1578 1310 1814 1370 humum
1854 1315 2217 1390 petentibus,
2291 1318 2395 1377 sed

164 1405 385 1473 omnia,
431 1402 576 1458 adeo
603 1417 698 1457 res
729 1399 870 1458 bene
904 1409 1231 1473 compactas
1263 1406 1321 1453 et
1349 1398 1796 1469 circumclusas,
1854 1408 1923 1454 ut
1949 1399 2187 1473 aomos,
2246 1420 2390 1458 con-

160 1488 386 1557 clavia,
439 1488 619 1543 cistas
666 1493 725 1539 et
756 1479 986 1540 'scrinia
1026 1481 1509 1558 penetrantibus,
1560 1499 1780 1557 suoque
1825 1482 2033 1541 ardore
2076 1482 2283 1543 faciem
2329 1495 2390 1544 et

161 1575 357 1632 oeulos
404 1573 491 1628 ita
535 1565 958 1640 adurentibus,
1009 1577 1079 1624 ut
1116 1568 1301 1624 oculis
1338 1583 1578 1630 ,cernere
1626 1565 1894 1644 nequeas.
1966 1567 2156 1626 Vento
2185 1568 2297 1627 hoc
2323 1573 2390 1629 in

159 1658 449 1715 turbinem
475 1662 735 1723 mutato,
773 1671 887 1728 quo
918 1672 1020 1728 per
1045 1658 1235 1710 aerem
1264 1668 1478 1722 arena,
1518 1653 1716 1726 palea,
1759 1660 2052 1726 stramen,
2096 1655 2214 1711 alia
2241 1654 2390 1716 ferri

158 1743 382 1809 solent,
440 1740 530 1794 sol
565 1737 708 1793 adeo
758 1737 1141 1807 obscuratur,
1197 1753 1305 1792 nec
1341 1747 1553 1809 quarta
1585 1735 1853 1793 milliarii
1877 1742 2392 1815 pars‘prospectui

156 1827 336 1904 patet.
416 1823 637 1880 Aestus
655 1831 713 1877 et
740 1822 1023 1877 siccitatis
1063 1821 1333 1890 molestia
1370 1818 1525 1876 domi
1559 1838 1621 1888 se
1651 1818 1911 1877 homiues
1956 1824 2257 1880 continere
2282 1843 2387 1881 co·-

155 1918 418 1990 guntur,
474 1906 658 1962 donec
698 1908 860 1962 venti
896 1903 1066 1978 hujus
1101 1904 1277 1960 calidi
1326 1919 1551 1959 summa
1598 1902 1957 1962 vehementia
2004 1905 2394 1984 desaevierit·,

155 1995 457 2052 desaevire
489 1998 676 2045 autem
712 1991 859 2046 solet
898 1999 965 2045 ut
996 1991 1307 2064 plurimum
1339 1989 1498 2043 intra
1529 1988 1789 2045 triduum
1829 1987 1974 2066 (vid.
2021 1989 2252 2048 l'olnet‘i
2275 1992 2387 2050 lti-

154 2097 278 2135 ner.
323 2067 397 2133 T.
430 2074 472 2131 1.
512 2069 745 2156 9:55),
806 2075 1188 2150 ,Quamquam
1221 2073 1377 2128 enim
1421 2071 1554 2129 inde
1601 2090 1636 2129 a
1666 2090 1847 2131 verno
1877 2076 2248 2152 aequinoctio
2281 2097 2382 2134 us-

155 2180 270 2240 que
302 2160 374 2217 ad
418 2159 704 2234 tropicum
749 2161 1047 2215 aestivum
1068 2159 1229 2215 venti
1276 2157 1365 2213 ini
1401 2156 1579 2214 calidi
1612 2149 1858 2236 regnare
1903 2158 2210 2232 dicuntur,
2263 2181 2386 2234 non

152 2259 351 2304 tamen
391 2263 494 2321 per
533 2253 720 2301 totum
754 2242 899 2301 illud
945 2253 1169 2319 tempus
1219 2233 1502 2304 continuo
1537 2251 1702 2300 tanta
1742 2241 2101 2301 vehementia
2136 2245 2236 2302 diu
2269 2264 2382 2304 no-

152 2325 693 2406 ctuque·perssant,
738 2327 910 2404 ,quod
949 2328 1111 2385 omni
1149 2327 1416 2407 Aegypto
1461 2336 1614 2385 esset
1639 2327 1966 2386 inevitabili
1996 2329 2221 2405 exitio,
2279 2331 2382 2392 sed

153 2415 491 2473 interstitiis
522 2415 676 2469 aeris
722 2422 781 2469 et
825 2413 1041 2493 caloris
1075 2411 1503 2487 temperatioris
1545 2413 1924 2488 interpositis.
2010 2416 2156 2484 Quis
2192 2416 2381 2497 igitur

148 2498 354 2558 Mosen
390 2500 634 2554 miretur
674 2497 1022 2555 animorum1
1041 2497 1431 2566 anxietatem,
1485 2495 1730 2553 durante
1773 2495 1883 2554 hac
1916 2507 2264 2575 tempestate
2280 2520 2378 2559 re-

148 2586 461 2664 gnantem,
508 2583 570 2637 in
600 2599 737 2636 suos
769 2590 827 2636 et
854 2577 1251 2638 [sraelitai-um
1299 2597 1438 2635 usus
1469 2578 1924 2638 convertisse2“
2003 2586 2082 2642 At
2104 2601 2246 2643 vero
2285 2595 2373 2643 te-

149 2669 360 2725 nebrae
408 2668 542 2722 illae
584 2665 997 2737 densissimae,
1050 2664 1259 2743 quibus
1300 2665 1450 2720 alter
1489 2666 1737 2722 alterum
1767 2683 1888 2723 non
1920 2668 2115 2726 videre
2143 2678 2376 2745 poterat

62 2758 65 2763 “
145 2750 288 2831 (Vs.
323 2747 450 2825 23)
471 2772 499 2823 ‚·
537 2752 732 2807 minus
772 2759 925 2806 recte
958 2758 1368 2825 comparantur
1409 2766 1537 2805 cum
1573 2754 1707 2806 aere
1739 2759 1912 2808 vento
1940 2750 2127 2810 calido
2165 2754 2374 2810 obscu-
2454 2788 2476 2806 .

102 2837 109 2843 “
145 2845 281 2894 rato
321 2836 551 2913 quidem
583 2844 641 2890 et
672 2833 980 2908 spissiore,
1031 2850 1215 2911 neque
1248 2843 1459 2890 tamen·
1489 2834 1648 2889 omni
1677 2834 1805 2891 luce
1840 2848 2105 2910 carente;
2166 2837 2374 2894 deinde

141 2925 208 2980 in
243 2924 377 2975 adire
425 2920 525 2976 illo
558 2918 870 2993 vaporibus
904 2918 1248 2990 obscurato,
1305 2918 1619 2992 quotannis
1658 2926 1816 2975 stato
1850 2936 1955 2976 suo
1996 2930 2250 2997 tempore
2277 2940 2376 2978 re·

140 3007 390 3078 denote,
440 3002 593 3061 nihil
622 3010 807 3073 esset,
865 3004 1019 3078 quod
1049 3003 1472 3081 Aegyptiorum
1503 3002 1734 3058 animos
1767 3019 2119 3081 magnopere
2149 3002 2374 3064 afficere

138 3091 447 3168 potuisset.
502 3087 724 3146 Erant
762 3087 958 3160 potius
1002 3087 1268 3144 tenebrae
1298 3087 1435 3143 illae
1469 3086 1688 3142 similes
1723 3088 1834 3159 iis,
1894 3084 1964 3144 de
2006 3089 2214 3164 quibus
2246 3089 2371 3149 Cic.

136 3177 212 3233 de
242 3171 313 3243 N.
346 3172 424 3231 D.
461 3175 524 3246 2,
553 3175 687 3230 96.:
746 3167 867 3226 Nec
898 3181 1093 3229 autem
1125 3171 1398 3248 tenebras
1442 3171 1770 3246 cogitemus
1805 3180 2049 3245 tantas,
2107 3184 2372 3250 quantae

135 3258 428 3339 quondam
471 3255 787 3336 eruptione
812 3254 1208 3313 Aetnaeorum
1239 3256 1467 3334 ignium
1497 3252 1807 3326 finitimas
1854 3259 2130 3333 regiones
2163 3255 2373 3316 obscu-

61 3340 71 3363 '
135 3342 375 3417 ravisse
412 3343 730 3413 dicuntur,
778 3348 847 3395 ut
860 3358 981 3418 per
1012 3339 1245 3399 biduum
1271 3358 1433 3397 nemo
1466 3338 1752 3397 hominem
1778 3338 1942 3397 homo
1976 3354 2369 3421 agnosceret,-

133 3444 271 3484 emn
301 3437 497 3483 autem
528 3427 713 3484 tertio
745 3426 842 3483 die
876 3424 971 3480 sol
992 3425 1314 3497 illuxisset,
1363 3433 1486 3482 tum
1517 3426 1912 3482 utrevixisse
1943 3425 2061 3483 sibi
2091 3427 2369 3486 videren-

136 3524 265 3569 tur.
349 3510 472 3568 Nec
515 3512 722 3568 desunt
754 3508 906 3585 apud
938 3510 1218 3568 Arabico·
1247 3528 1444 3569 rerum
1488 3511 1907 3590 Aegyptiarum
1937 3514 2248 3589 scriptores
2280 3517 2366 3571 si-

70 3659 75 3664 ,
130 3595 365 3654 milium
398 3597 762 3652 tenebrarum
795 3595 1073 3669 exempla.
1132 3596 1233 3655 Sic
1262 3593 1834 3655 Dschemtiieddin‘in
1864 3594 2178 3671 Chronico,
2206 3601 2364 3678 quod

129 3680 436 3754 inscripsit
469 3677 727 3736 Mam-ed
750 3679 1073 3762 allqtafet,
1135 3684 1174 3738 i.
1209 3700 1256 3736 e.
1301 3684 1536 3758 aquatio
1583 3682 1942 3763 elegantiae,
1989 3683 2282 3761 ediditque
2309 3683 2362 3742 J.

125 3764 206 3822 D.
238 3762 472 3839 Carlyle
514 3763 850 3843 Cantabrig.
899 3764 1114 3839 1792„
1167 3786 1220 3844 p.
1258 3768 1347 3822 13.
1394 3766 1605 3836 refert,
1666 3777 1948 3846 regnante
1992 3762 2064 3825 in'
2091 3773 2356 3847 Aegypto

123 3845 618 3908 Mostali'fflmah
679 3845 827 3929 (sub
874 3849 1049 3908 finem
1088 3851 1213 3910 Sec.
1244 3848 1353 3908 XI.
1398 3869 1564 3907 aerae
1609 3842 1904 3928 nostrae)'
1942 3861 2355 3930 tempestatem

118 3951 403 4008 magnam
430 3941 493 3987 et
520 3931 942 4005 vehementem,
981 3936 1302 3992 comitante
1327 3935 1676 4009 nigredine,
1731 3940 2002 3994 coortam‘
2038 3953 2198 4008 esse,
2238 3932 2384 4010 quoe‘
2419 3965 2426 3974 ·

118 4009 418 4089 aedtficig'z
450 4015 694 4088 diruta,
740 4016 1100 4096 arboresque
1142 4037 1383 4099 eversae
1394 4018 1625 4093 fuere3
1682 4019 1958 4079 tenebras
1992 4029 2191 4078 autem
2233 4026 2356 4074 t‘am

118 4101 371 4179 spissas
402 4102 740 4180 Aegyptum
779 4102 959 4158 simul
1003 4103 1409 4176 obumbrasse,
1465 4111 1534 4159 ut
1584 4105 1793 4163 cuncti
1832 4104 2354 4174 resurrectionem,

118 4188 161 4241 i.
194 4205 245 4241 e.
296 4182 443 4239 diem
485 4181 795 4257 ultimum,
842 4184 978 4256 jam
1010 4188 1344 4264 impendere
1384 4187 1774 4246 crediderint.
1865 4190 1944 4247 Et
1980 4182 2050 4264 [ιζ
2074 4190 2165 4244 16.
2205 4188 2353 4242 scri-

113 4271 231 4340 bit,
275 4279 557 4345 regnante
586 4267 889 4326 Rhakemo
906 4269 1272 4345 Biamrillah,
1312 4291 1467 4331 anno
1502 4272 1642 4331 504.
1679 4273 1874 4350 (1110
1905 4290 2071 4333 aerae
2103 4270 2349 4346 Christ.)

102 4367 222 4409 eas
256 4349 536 4410 tenebras
564 4355 627 4409 i'n
656 4355 933 4433 Aegypto
969 4364 1140 4412 ortas
1151 4356 1386 4431 fuisse,
1433 4366 1501 4413 ut
1539 4367 1704 4416 totus
1728 4365 1836 4415 ae'r
1863 4358 2121 4432 caligine
2134 4356 2358 4429 fuerit
