2711 4758
241 269 395 346 342
598 341 607 348 ,
866 281 1130 349 Exod.
1243 282 1408 372 Cap.
1474 298 1730 370 ια,·7.
1786 274 1855 342 8.

256 469 613 540 tempestate
647 478 725 519 ex
757 461 1036 542 Aegypto
1066 481 1342 541 egressus
1373 481 1454 521 es.
1523 461 1717 523 Noetu
1755 481 1893 521 vcro
1924 475 2185 556 egressos
2213 474 2336 516 esse
2358 454 2483 515 He-

261 548 502 618 braeos,
546 546 762 604 diserte
795 547 1014 605 dieitur
1048 549 1208 608 infra
1239 549 1334 607 Vs.
1368 550 1468 607 31.
1512 550 1615 608 42.

429 678 489 733 7.
556 670 1141 770 ηῆριρΕΠ-ιῐψέι
1194 675 1559 755 Samumque
1600 695 1633 734 c
1675 674 1968 752 sauguine
2011 692 2091 730 se.
2133 671 2315 750 agni,
2367 688 2486 748 po·-

258 769 524 839 nuntque
565 777 748 837 super
794 742 1109 836 utrumque
1144 773 1384 842 postem
1408 770 1471 818 et
1503 779 1690 841 super
1714 761 1886 817 limen
1910 775 2208 837 superum.
2294 757 2490 816 Aben-

260 846 413 906 Esra
442 846 728 902 rationem
760 846 933 917 istius
973 846 1124 903 ritus
1153 846 1315 905 hanc‘
1335 848 1637 926 assignat,
1693 854 1761 903 ut
1798 846 2040 922 sanguis
2085 843 2186 899 ille
2225 842 2484 941 expiatio

263 939 416 989 esset
443 948 561 1006 pro,
577 946 957 1006 unoquoque,
1015 933 1118 1005 qui
1151 935 1215 990 in
1250 932 1423 990 domo
1473 931 1542 988 de
1582 951 1737 1011 agno
1769 929 2146 997 comedisset,
2189 920 2365 1002 atq'ue
2406 927 2492 982 si-

264 1034 448 1094 gnum
496 1023 647 1070 esset
691 1014 1136 1072 exterminatori
1182 1027 1250 1075 ut
1296 1019 1472 1074 talem
1515 1018 1746 1074 domum
1784 1014 2160 1091 praeteriret,
2205 1014 2350 1068 coll.
2386 1009 2486 1067 Vs.

271 1101 368 1157 13.
415 1130 489 1143 --
534 1085 906 1158 niatu-'htv'
954 1100 1177 1174 gemini
1206 1110 1459 1186 postes,
1510 1093 1582 1159 ad
1632 1103 1933 1158 sinistram
1980 1106 2042 1153 et
2085 1095 2162 1152 ad
2206 1096 2489 1154 dextram·

266 1182 434 1242 Dicti
462 1162 735 1240 videntur
765 1199 802 1237 a
836 1196 956 1256 Πῐ,
1015 1185 1113 1240 cui
1142 1195 1460 1265 cognatum
1489 1185 1662 1244 Arab.
1707 1196 1857 1246 mm
1877 1224 1897 1255 ‚
1936 1181 2156 1250 movit,
2199 1183 2336 1257 quia
2362 1198 2489 1236 mo-

271 1269 439 1326 biles
472 1270 676 1325 valvae
735 1266 885 1322 inde
918 1268 1260 1342 pendebant.
1358 1269 1672 1328 Contraria
1728 1269 1798 1326 de
1863 1283 2040 1323 eausa
2095 1264 2337 1323 Graecis
2389 1265 2482 1321 illi

271 1350 546 1430 σταθμοὶ
575 1352 887 1424 dicuntur,-
932 1352 1086 1429 quod
1112 1357 1317 1423 valvae
1345 1373 1546 1413 eorum
1577 1374 1683 1431 ope
1708 1353 1854 1411 fiant
1885 1349 2213 1428 σταθεροὶ,
2246 1349 2491 1423 firmae.

273 1436 500 1529 {rmum
536 1436 646 1493 hoc
688 1444 915 1494 tantum
941 1436 1142 1512 Capite
1168 1440 1438 1512 obvium,
1487 1438 1607 1496 fere
1652 1437 1935 1516 superius
1966 1436 2141 1493 limen
2172 1443 2494 1511 exponunt,

273 1504 446 1599 quod
457 1518 657 1579 Jarehi
684 1538 894 1578 nomen
939 1520 1073 1578 inde
1104 1533 1340 1581 nactum
1371 1526 1489 1597 ait,
1534 1522 1688 1600 quod
1736 1522 1954 1579 ostium
1984 1537 2116 1578 cum
2156 1509 2495 1576 occluditur
2521 1565 2524 1570 .

262 1607 589 1685 percutiat
622 1602 801 1675 illud,
853 1623 990 1662 nam
1029 1608 1173 1698 ηριύ
1218 1606 1524 1665 Chaldaeis
1554 1618 1642 1664 est
1680 1613 2027 1685 percutere.
2107 1605 2227 1662 Alii
2273 1605 2368 1662 sie
2403 1602 2496 1659 di·

272 1699 431 1747 ctum
467 1698 676 1766 putant
701 1708 737 1745 a
758 1681 861 1774 ‘hs
839 1691 954 1777 115,
990 1687 1170 1766 quod
1178 1686 1462 1750 Hebraeis
1488 1702 1577 1749 est
1613 1690 2010 1770 prospicere,
2066 1686 2221 1764 quod
2260 1704 2499 1763 prospe-

274 1775 398 1830 ctui
435 1782 644 1851 pateat.
732 1774 810 1831 At
841 1792 1017 1850 quum
1051 1776 1111 1833 id
1137 1778 1378 1834 verbum
1422 1794 1501 1835 ex
1529 1776 1656 1833 aleo
1682 1775 2038 1853 prospicere
2071 1775 2338 1843 denotet,
2375 1773 2498 1830 vid.

273 1855 368 1916 Ps.
407 1859 508 1930 l4,
550 1858 610 1914 2.
654 1856 924 1931 85‚12.‚
976 1858 1131 1917 haud
1163 1861 1561 1937 improbabilis
1605 1870 1695 1917 est
1735 1859 1940 1917 Aben-
1953 1859 2137 1918 Esrae
2178 1855 2492 1959 sententia,

273 1942 503 2034 ηῆριῄιι
540 1941 774 2017 proprie
803 1961 927 1999 esse
951 1942 1260 2002 fenestram
1288 1964 1464 2023 super
1490 1948 1726 2017 ostium,
1765 1943 2284 2020 quemadmodum
2268 1961 2329 1999 ιιι
2349 1942 2502 2000 Ara-

273 2027 411 2082 bum
433 2009 700 2084 domibus
729 2028 1008 2084 usitatum
1035 2046 1158 2085 esse
1187 2040 1454 2088 testatur.
1514 2028 1837 2087 Bochartus
1867 2048 2095 2106 quoque
2127 2030 2166 2084 l.
2197 2028 2236 2083 1.
2268 2048 2321 2104 p.
2351 2028 2498 2084 679.

275 2108 500 2208 51³1me
536 2127 572 2166 a
592 2119 932 2188 prospectu
974 2111 1092 2167 diei
1122 2115 1421 2171 existimat
1446 2155 1466 2187 ,
1512 2123 1750 2190 propter
1776 2115 2061 2171 cancellos
2089 2121 2192 2170 aut
2218 2109 2500 2212 clatbros,

275 2196 517 2250 summis
548 2191 771 2249 foribus
798 2196 1013 2269 apponi
1044 2198 1284 2268 solitos,
1326 2207 1395 2254 ut
1423 2218 1525 2275 per
1568 2217 1667 2254 eos
1698 2200 2167 2273 prospicerentur
2212 2198 2313 2274 qui
2339 2195 2497 2254 fores

277 2279 690 2354 pulsaverunt,
733 2288 1043 2386 antequam
1071 2280 1466 2342 recluderetur
1493 2283 1727 2340 ostium.

451 2406 507 2463 8.
573 2400 867 2497 :jn-'33¹2
902 2439 976 2450 —
1015 2405 1204 2501 ηὶξκι
1265 2407 1703 2486 Comedantquc
1748 2425 1985 2465 carnem
2032 2407 2096 2464 in
2149 2405 2264 2465 Ιιασ
2304 2415 2504 2480 nocte,

278 2508 426 2589 quae
456 2493 718 2567 sequitur
760 2472 909 2548 diem
959 2495 1051 2551 14
1098 2475 1314 2552 ine‘nsis
1343 2496 1531 2555 Nisan
1575 2491 1750 2575 (coll.
1783 2493 1952 2551 Num.
1971 2493 2087 2565 33
2109 2488 2245 2573 3.),
2303 2511 2504 2551 assam
2544 2525 2548 2531 -

279 2573 430 2650 igni.
512 2574 641 2633 Cur
668 2568 992 2637 israelitae
1004 2596 1221 2657 agnum
1268 2580 1595 2654 paschalem
1639 2598 1829 2635 assum
1874 2576 2168 2635 comedere
2204 2579 2502 2652 jubentur,

276 2660 432 2716 varii
459 2661 688 2732 varias,
729 2678 802 2717 ex
833 2670 999 2736 parte
1027 2662 1262 2736 futiles,
1304 2668 1565 2722 rationes
1597 2659 1866 2733 afferunt,
1908 2680 2048 2738 quas
2082 2672 2215 2738 post
2242 2659 2502 2719 Bochar-
2606 2684 2610 2688 >

277 2752 403 2799 tum
432 2742 546 2802 Li.
597 2765 651 2822 p.
681 2747 823 2803 684.
866 2749 1158 2805 recensuit
1202 2758 1259 2805 et
1303 2750 1604 2826 perpendit
1651 2747 1942 2805 SPENcEn
1989 2745 2059 2802 de
2109 2743 2326 2823 Legum
2373 2743 2503 2801 He-

280 2825 552 2885 braeorr.
598 2829 826 2886 rituull.
874 2849 928 2906 p.
962 2816 1107 2887 Bos.
1136 2851 1257 2908 sqq.
1320 2833 1457 2891 edit'.
1503 2832 1759 2912 Tubing.
1839 2830 1920 2888 Et
1970 2832 2020 2886 is
2046 2831 2298 2907 quidem
2342 2828 2503 2885 hisce

280 2923 544 2987 quatuor
603 2914 672 2971 de
722 2916 911 2971 causis
963 2934 1181 2995 agnum
1237 2916 1560 2995 paschalem
1620 2918 1754 2996 igne
1806 2915 2116 2972 assandum
2169 2917 2499 2972 existimat:

284 2991 348 3073 l)
380 3018 482 3073 ne,
527 3000 577 3054 si
613 3001 818 3076 cuique
855 2998 940 3054 fas
977 3010 1128 3056 essct
1158 3020 1372 3081 agnum
1402 3022 1508 3078 pro
1538 3021 1644 3060 suo
1678 3002 1846 3057 libitu
1879 3018 2109 3073 assare,
2155 3019 2382 3057 morum
2412 2998 2505 3054 di-

276 3085 525 3140 versitas
569 3085 832 3140 ordinem
873 3093 931 3138 et
977 3087 1428 3143 concinnitatem
1473 3087 1604 3143 festi
1651 3088 1932 3157 violaret3
1996 3080 2065 3164 2)
2098 3090 2163 3142 ut
2203 3085 2355 3140 ritus
2389 3083 2503 3139 ali-

280 3169 443 3239 cujus
471 3170 533 3224 in
567 3168 883 3224 Zabiornm
916 3167 1077 3225 festis
1111 3172 1316 3228 usitati
1346 3173 1564 3247 species
1592 3172 1780 3228 omnis
1806 3190 1842 3226 a
1871 3158 2150 3227 Paschate
2177 3184 2505 3241 removere-

282 3257 412 3322 tur-3
477 3246 544 3330 3)
580 3252 735 3327 quod
763 3250 859 3307 hie
885 3252 1119 3309 assandi
1149 3257 1353 3313 modus
1384 3257 1576 3312 asinus
1616 3273 1892 3330 operosus
1926 3264 1983 3317 et
2025 3249 2096 3331 4)
2137 3251 2288 3332 quod
2319 3269 2502 3328 purus

280 3341 338 3387 et
385 3337 662 3409 simplex,
705 3356 811 3393 nec
855 3355 974 3392 non
1016 3339 1266 3397 maxime
1297 3350 1530 3415 apertus
1564 3349 1622 3396 et
1663 3339 2002 3398 manifestus
2037 3348 2203 3395 esset.
2285 3335 2504 3394 Verum

278 3417 765 3492 simplicissimam
806 3423 1093 3477 rationem
1135 3425 1421 3499 praecepti
1467 3425 1536 3480 de
1573 3443 1727 3501 agno
1763 3422 2017 3501 paschali
2061 3421 2338 3493 assando,
2381 3439 2504 3477 non
2614 3468 2625 3478 .

212 3524 225 3537 2
279 3503 552 3559 elixando
583 3501 784 3561 ludaei
833 3503 1038 3563 afferre
1054 3504 1345 3566 'ridentur
1375 3509 1525 3586 apud
1573 3508 2042 3566 ΗυΤΤιΝῦειιυΜ
2085 3508 2154 3564 dc
2187 3505 2340 3565 Jure
2375 3503 2505 3560 He-

200 3620 209 3635 ,
281 3583 348 3639 bt
338 3605 514 3643 acor
562 3588 701 3667 Leg.
746 3591 839 3646 13.
877 3609 931 3664 p.
965 3592 1065 3646 23.
1107 3592 1264 3667 quod
1290 3611 1425 3650 esus
1458 3602 1654 3650 assate
1644 3590 2139 3664 festinationem
2167 3588 2518 3667 significet„

248 3696 249 3703 ι
281 3688 398 3751 qua
430 3675 663 3745 egressi
691 3684 831 3730 sune
879 3692 956 3729 ex
987 3675 1302 3756 Αοςῃριος
1358 3677 1507 3734 unde
1542 3696 1655 3733 nrm
1686 3676 1861 3732 licuit
1891 3695 2114 3733 morum
2144 3672 2386 3732 trabere
2421 3680 2504 3729 ut

280 3774 496 3829 agnum
526 3774 773 3832 coquere
789 3760 1141 3835 patuissent
1171 3763 1233 3819 in
1260 3762 1459 3820 lebete.
1521 3760 1606 3820 Cf.
1639 3762 1710 3818 ad
1747 3760 1844 3817 Vs,
1879 3761 1938 3816 9.
1977 3793 2049 3803 -
2092 3763 2270 3821 niam
2304 3754 2502 3816 LXX·

279 3832 477 3917 ἄζυμα
511 3850 780 3912 vertunt,
823 3841 1067 3903 Hieron.
1095 3865 1288 3925 panes
1326 3846 1811 3919 infermentatos.
1897 3836 2148 3902 Verbum
2186 3854 2343 3930 γιξ73
2382 3840 2504 3898 lle-

223 3928 226 3930 ’
280 3925 470 3986 braeis
500 3926 586 3981 uti
622 3927 682 3981 in
731 3926 993 3983 dialectis
1026 3935 1293 4010 cognatis
1337 3932 1631 4010 significat
1672 3928 1996 4006 emulgere,
2038 3946 2353 4005 exsugere,
2401 3943 2506 3981 οπ-

269 4011 559 4087 primere.
643 4010 863 4085 Azyma
889 4022 1080 4069 autem
1123 4017 1192 4093 ab
1221 4015 1609 4095 exprimendo
1655 4016 1833 4071 nullis
1873 4014 2124 4072 fidiculis
2168 4011 2506 4070 extorseris.

283 4092 397 4155 Sed
447 4097 563 4155 alia
609 4097 866 4151 occurrit
913 4114 1031 4152 vox
1075 4080 1286 4193 Arai»,
1346 4119 1547 4175 nempe
1586 4107 1818 4182 Ymm,
1881 4100 2086 4156 iisdem
2130 4097 2506 4163 radicalibu⁸‚

279 4179 435 4249 quod
464 4180 889 4258 Lexicograpbi
926 4169 1146 4263 γξΝΠ
1139 4192 1478 4284 exponunt,
1525 4186 1561 4240 i.
1591 4203 1638 4239 e.
1665 4201 1792 4260 put·
1795 4202 1888 4237 um
1924 4194 1980 4239 et
2008 4185 2327 4239 sincerum.
2388 4179 2506 4237 lta-

281 4278 389 4334 que
424 4269 602 4342 mm?
649 4266 883 4345 propri«
914 4275 1050 4319 sunt
1078 4270 1226 4344 puri
1256 4279 1312 4326 et
1339 4269 1568 4325 sinceri
1596 4285 1785 4345 panes
1824 4276 1882 4322 et
1912 4257 1985 4323 e‘tb
2022 4287 2174 4324 cmm
2165 4265 2506 4339 fermento

285 4349 639 4421 expurgati
726 4347 927 4423 Ratio,
967 4367 1071 4407 cur
1115 4345 1231 4409 ima
1263 4372 1393 4412 cum
1427 4372 1590 4434 agno
1619 4343 2088 4410 infermentatum
2116 4370 2322 4429 panem
2353 4366 2508 4407 com-
