2711 4758
768 256 1062 325 Gen...
1169 203 1331 347 cap}
1370 250 1501 334 46,
1552 192 1892 316 10-2-25,
2279 246 2432 348 237

88 471 100 482 ,
214 435 483 497 eillarum
527 437 682 497 filios
727 437 898 496 simul
939 437 1138 513 ponit,
1169 455 1337 496 nune
1377 438 1542 514 prius
1583 452 1738 492 nune
1768 434 2056 511 posterius
2088 443 2261 493 natos
2295 434 2436 496 affe-

215 541 371 581 rens.
444 522 646 600 ltaque
690 524 876 599 primo
934 525 1065 580 loco
1118 519 1246 602 (Vs.
1293 524 1427 580 9—-
1451 514 1576 598 18.)
1665 520 1815 585 Leae
1876 521 2114 596 ejusque
2167 521 2434 595 ancillae,

215 604 454 683 Silpse,
492 608 644 666 filios
678 624 874 664 omnes
902 608 1103 683 ponit,
1140 619 1201 665 et
1239 626 1317 664 ex
1351 605 1443 663 his
1480 615 1816 681 procreatos
1858 613 2099 679 nepotes
2136 612 2197 661 et
2222 622 2436 681 prone-

128 715 142 726 *
216 702 415 766 potes·
399 736 416 765 ,
475 693 677 769 quibus
725 693 1073 749 enumeratis
1130 692 1204 749 ad
1260 689 1545 749 Rachelae
1597 690 1831 765 ejusque
1877 689 2160 807 ancillae,
2209 688 2435 792 Bilhae,

213 772 367 833 filios
404 777 616 835 transit
647 771 1155 855 (vs.19-25.).
1490 792 1495 807 “
2308 807 2317 814 ·
2496 778 2499 779 ⁷

388 860 629 918 10.12.
700 858 956 918 Rubenis
1003 859 1142 917 filiis
1190 854 1316 939 (Vs.
1363 856 1452 933 9.)
1500 858 1745 916 seorsim
1801 801 2198 933 praemittitur
2244 862 2432 935 patris

189 962 425 1014 ,nomen
453 940 578 1023 (Vs.
608 938 730 1022 8.)‚
766 943 921 1019 quod
947 942 1152 1001 Ruben
1193 944 1398 1002 Jacobi
1441 943 1556 1002 fuit
1590 943 2030 1020 primogenitus.
2110 942 2326 1001 Verum
2370 947 2434 1002 in

211 1030 579 1087 recensendis
626 1029 986 1105 reliquorum
1025 1027 1490 1104 patriarcharum
1536 1028 1675 1085 filiis
1703 1039 1934 1102 patrum
1973 1028 2213 1085 nomina
2241 1030 2436 1104 impli-

217 1115 330 1170 cite
372 1123 599 1170 tantum
646 1114 984 1171 indicantur
1041 1111 1340 1170 formulis:
1395 1112 1529 1186 filia·
1569 1109 1891 1182 Simeonis,
1932 1109 2067 1183 filis·
2110 1108 2258 1167 Levi
2301 1123 2434 1185 etc.,
2505 1112 2508 1124 ¹

218 1215 323 1254 nec
366 1197 635 1270 additur,
677 1197 1040 1269 Simeonem,
1078 1196 1222 1256 Levi
1247 1208 1353 1254 cet.
1397 1196 1575 1254 fuisse
1612 1192 1813 1252 Jacobi
1843 1193 2014 1251 filios.
2090 1198 2248 1264 Quot
2276 1190 2433 1255 enim

218 1278 435 1338 fuerint
463 1281 577 1338 filii
606 1282 875 1354 IsraeliS,
911 1292 970 1337 et
1008 1300 1290 1377 quaenam
1330 1301 1532 1339 eorum
1573 1282 1846 1352 nomina,
1883 1279 2078 1336 illud
2053 1298 2175 1354 Jam
2210 1280 2435 1338 abunde
2504 1312 2509 1319 ·

198 1365 553 1445 §constabatss
590 1376 650 1423 et
676 1365 772 1422 Vs.
812 1323 906 1422 15.
943 1366 1037 1423 18.
1067 1365 1178 1427 25.
1217 1376 1613 1425 memorantur
1656 1374 1901 1435 matres,
1944 1362 1976 1420 e
1999 1364 2224 1449 quibus
2259 1362 2433 1421 Jaco-

218 1450 326 1508 bus
356 1452 501 1508 istos
532 1449 736 1507 habuit
761 1450 933 1507 filios.
1020 1452 1192 1519 Quod
1233 1460 1427 1508 autem
1469 1449 1566 1506 Vs.
1607 1450 1701 1506 19.
1741 1450 1980 1505 nomina
1999 1439 2270 1519 filiorum
2312 1448 2437 1507 Ra-
2550 1490 2553 1495 -

215 1533 394 1591 chelis
427 1536 670 1591 seorsim
713 1528 850 1593 sunt
895 1535 1150 1609 adjecta,
1192 1536 1254 1595 id
1296 1534 1515 1592 factum
1564 1552 1687 1590 esse
1715 1534 1982 1606 videtur,
2029 1542 2097 1587 ut
2130 1550 2166 1588 a
2190 1533 2470 1610 reliquis

212 1637 318 1694 per
357 1617 469 1675 hoc
506 1620 682 1675 etiam
721 1620 1157 1697 distinguatur,
1201 1639 1347 1698 quae
1389 1620 1670 1694 primaria
1707 1628 1766 1674 et
1809 1614 2184 1675 dilectissima
2227 1617 2434 1676 Jocobi

216 1702 432 1775 conjux
464 1712 592 1758 erat
622 1700 858 1775 Rachel,
899 1704 1038 1779 quia
1065 1707 1242 1769 etiam
1269 1702 1367 1761 hic
1394 1721 1532 1779 prae
1564 1703 1696 1758 aliis
1725 1696 1880 1787 ἐφξζ
1910 1698 2059 1789 1711523
2090 1704 2433 1778 appellatur,

215 1797 277 1844 et
304 1785 508 1843 deinde
547 1804 807 1862 quoque,
846 1796 915 1842 ut
955 1804 1174 1859 nexus,
1216 1789 1317 1863 qui
1357 1786 1430 1843 ob
1481 1787 1774 1845 variatum
1817 1765 1915 1844 Vs.
1951 1766 2059 1842 20.
2092 1780 2431 1844 recensendi

157 1870 163 1881 ’
213 1857 453 1931 modum
503 1868 661 1926 haud
716 1870 803 1925 ita
843 1871 1053 1946 planus
1097 1869 1337 1941 fuisset,
1384 1879 1781 1926 conserv.etur
1856 1868 2125 1927 Ceterum
2178 1871 2431 1946 quinque

216 1954 510 2014 Simeonis
554 1945 677 2009 filii
698 1952 753 2009 h.
781 1952 880 2012 Vs.
922 1957 1233 2029 recensiti,
1272 1953 1524 2026 Jemuen
1562 1953 1792 2027 Jamin,
1848 1952 2062 2026 ohad,
2120 1952 2328 2012 Jachin
2370 1948 2462 2013 et

214 2037 476 2111 Zohar,
489 2035 762 2096 videntur
796 2056 873 2096 ex
893 2057 1019 2094 una
1047 2051 1232 2098 matre
1276 2037 1491 2112 fuisse,
1531 2046 1729 2095 sextus
1770 2057 1947 2110 vero,
1985 2034 2167 2110 Saul,
2207 2037 2323 2096 fuit
2355 2057 2432 2099 ex

212 2126 334 2181 alia
357 2133 576 2195 matre,
624 2121 838 2179 dicitur
866 2124 1022 2179 enim
1050 2136 1126 2184 τι
1129 2131 1445 2217 25:23·32
1461 2123 1647 2197 filius
1672 2120 2041 2181 Gananaeoee.
2101 2120 2432 2184 Verisimile

218 2217 340 2280 est,
381 2208 638 2266 voluisse
663 2204 866 2265 Mosen
904 2187 1229 2268 damnare
1215 2192 1438 2267 factum
1477 2209 1806 2281 Simeonis,
1843 2209 1946 2286 qui
1980 2218 2208 2283 praeter
2243 2212 2432 2283 majo-

217 2310 348 2350 rum
404 2309 623 2349 morem
676 2289 1036 2348 Cananaeam
1094 2311 1337 2352 uxorem
1393 2290 1642 2351 duxerit.
1698 2324 1773 2335 —
1846 2295 1941 2350 12.
2002 2303 2244 2386 3933-
2260 2304 2432 2382 177212

218 2372 495 2434 Mortuus
525 2385 622 2433 est
643 2384 841 2432 autem
876 2373 967 2431 Er
993 2385 1057 2432 et
1094 2374 1269 2436 Onan
1305 2376 1369 2432 in
1414 2387 1588 2434 terra
1635 2375 1916 2450 Canaan,
1962 2378 2091 2437 ideo
2127 2359 2257 2434 ⁸non
2289 2390 2429 2436 sunt

214 2461 670 2520 connumerandi
720 2478 850 2518 cum
903 2461 1016 2534 iis,
1073 2464 1174 2537 qui
1216 2464 1279 2519 in
1335 2460 1685 2561 Aegyptum·
1714 2461 2143 2522 descenderunt.
2219 2461 2429 2520 Noluit
2472 2477 2476 2482 ·
2538 2514 2547 2520 .

219 2555 412 2602 tamen
451 2543 640 2601 Moses
679 2541 787 2601 hos
817 2546 1292 2620 praetermittere.
1366 2544 1627 2622 Namque
1667 2548 1731 2601 in
1760 2547 1868 2605 hac
1893 2547 2234 2628 genealogia
2257 2543 2428 2602 exhi-

174 2628 402 2687 ‘benda
443 2645 564 2684 non
604 2626 715 2685 hoc
757 2631 946 2685 solum
986 2632 1306 2706 spectavit,
1360 2638 1428 2684 ut
1472 2631 1709 2686 nonnisi
1748 2651 1847 2688 eos
1895 2631 2096 2688 Jacobi
2139 2621 2426 2706 posteros,

213 2715 318 2791 qui
365 2731 494 2770 cum
536 2731 604 2769 eo
642 2714 706 2769 in
746 2713 1073 2792 Aegyptum
1100 2715 1468 2792 migrarunt,
1501 2705 1823 2771 recenseret
1851 2710 1977 2793 (Vs.
2011 2708 2178 2789 26.),
2223 2732 2426 2772 verum

93 2785 114 2810 ⁸
213 2798 524 2856 consilium
563 2798 685 2871 ejus
733 2798 905 2854 simul
943 2806 1002 2855 et
1041 2798 1152 2855 hoe
1172 2799 1324 2871 fuit,
1370 2807 1436 2854 ut
1460 2816 1589 2854 cum
1614 2800 1902 2877 integram
1926 2807 2290 2874 posterorum
2323 2797 2425 2855 Ja-

209 2881 346 2950 cobi
394 2881 794 2961 genealogiam
836 2880 947 2938 hoc
999 2900 1117 2940 uno
1158 2885 1286 2940 loco
1306 2923 1325 2956 ,
1381 2890 1504 2939 tum
1545 2891 1842 2958 praeterea
1878 2899 2183 2940 numerum
2221 2881 2424 2941 eorum

216 2968 509 3038 omnium,
554 2965 658 3041 qui
687 2984 719 3021 e
759 2964 962 3022 Jacobi
988 2968 1261 3042 prosapia
1288 2969 1353 3025 in
1386 2968 1713 3046 Aegyptum
1745 2976 2064 3037 venerunt,
2101 2962 2423 3041 exhiberet,
2541 3028 2547 3038 ,

211 3053 340 3109 sive
384 3068 502 3107 una
545 3067 677 3106 cum
704 3048 952 3123 Jacobo,
994 3052 1116 3107 sive
1156 3060 1291 3109 ante
1320 3071 1486 3124 eum,
1528 3063 1594 3109 ut
1616 3051 1929 3128 Josephus,
1962 3051 2422 3131 illuc-venerint,

215 3136 340 3193 sive
367 3133 612 3211 denique
644 3144 777 3210 post
802 3132 1001 3191 Jacobi
1030 3133 1255 3192 demum
1294 3137 1605 3195 adventum
1641 3138 1764 3193 illic
1793 3138 1920 3194 nati
1942 3134 2178 3191 fuerint.
2257 3134 2422 3200 Quae

213 3238 393 3298 quum
425 3220 511 3275 ita
542 3220 698 3290 sint,
738 3215 888 3275 nihil
910 3219 1033 3291 jam
1060 3219 1412 3278 difficultatis
1441 3221 1693 3293 habebit,
1736 3222 1892 3297 quod
1917 3224 1982 3278 in
2010 3216 2122 3276 hoc
2152 3219 2420 3299 catalogo

213 3305 314 3363 Vs.
344 3306 446 3362 20.
512 3301 749 3378 Josephi
787 3302 897 3361 filii
937 3306 1001 3360 in
1046 3304 1312 3384 Aegypto
1345 3309 1504 3377 nati,
1548 3315 1607 3364 et
1640 3304 1761 3364 h.l.
1821 3304 2065 3363 Pherezi
2087 3303 2231 3377 filii,
2269 3303 2420 3364 Che·

214 3403 360 3448 zron
392 3399 451 3445 et
484 3385 762 3459 Chamul,
798 3398 1203 3485 recensentur,
1240 3392 1341 3466 qui
1383 3389 1597 3448 Jacobo
1640 3394 1703 3447 in
1744 3391 2070 3474 Aegyptum
2113 3405 2236 3446 sese
2275 3408 2420 3448 con-

211 3473 430 3532 ferente
461 3472 565 3529 vix
592 3472 713 3544 jam
742 3471 866 3529 nati
892 3489 1014 3526 esse
1040 3482 1372 3546 potuerunt.
1455 3474 1609 3534 Bene
1656 3476 1725 3532 de
1766 3473 1824 3533 h.
1851 3476 1890 3532 1.
1916 3471 2235 3548 disputavit
2264 3467 2315 3533 J.
2345 3475 2423 3534 A.

210 3557 437 3617 ΚΔιιΝε
472 3557 535 3613 in
571 3553 700 3612 bibl.
734 3554 1090 3613 Untersuch.
1125 3575 1180 3612 u.
1213 3557 1491 3636 Auslegg.
1533 3557 1599 3615 P.
1631 3558 1705 3617 ll.
1741 3579 1796 3635 p.
1829 3559 1927 3616 58.
1958 3576 2080 3634 sqq.

275 3671 280 3678 ·
396 3639 636 3698 13.15.
694 3642 809 3708 Qui
853 3640 948 3697 hic
987 3644 1086 3698 δι’
1131 3651 1408 3716 vocatur,
1454 3645 1515 3726 is
1547 3642 1718 3700 Num.
1756 3646 1860 3717 26,
1900 3645 2002 3700 24.
2048 3653 2107 3701 et
2159 3599 2423 3702 lParal.

215 3727 371 3798 7,1.
443 3726 602 3786 :³1:5³
640 3727 978 3810 appellatur.
1052 3716 1202 3783 [llud
1242 3744 1452 3785 nomen
1479 3729 1671 3805 magis
1692 3729 1900 3801 Arab„
1942 3726 2053 3785 hoc
2080 3726 2257 3787 Hebr.
2293 3737 2412 3799 est3

212 3808 284 3866 cf.
312 3811 387 3868 ad
412 3809 514 3882 26,
545 3792 643 3867 34.
689 3838 763 3853 --
814 3808 909 3866 15.
948 3804 1339 3898 iazies—27²⁸&
1377 3810 1470 3868 Hi
1514 3819 1655 3868 sunt
1671 3811 1815 3885 filii
1829 3811 2016 3886 Lean,
2053 3830 2198 3890 quos
2219 3827 2415 3890 pepe-

209 3895 303 3951 rit
325 3893 551 3955 Iacobo
579 3893 643 3949 in
669 3874 1130 3971 Mesopotamia.
1195 3870 1338 3951 Hoc
1358 3895 1433 3953 ad
1462 3896 1653 3970 capita
1681 3907 1741 3954 et
1772 3908 2038 3973 parentes
2058 3898 2277 3971 primos
2307 3911 2413 3953 nex

211 3989 299 4036 est
325 3980 726 4054 referendum3
768 3988 835 4035 ut
864 3995 1063 4034 sensus
1092 3981 1202 4036 sit.
1249 3976 1314 4036 hi
1352 3990 1492 4038 sunt
1519 3998 1621 4036 sex
1649 3980 1794 4039 Leae
1821 3983 1965 4055 filii,
2007 3999 2125 4039 una
2152 3996 2283 4036 cum
2307 3995 2411 4034 ne-
2458 3991 2461 4008 ¹

205 4065 444 4138 potibus
469 4073 530 4120 et
551 4061 969 4139 pronepotibus
997 4062 1130 4121 inde
1163 4065 1345 4137 ortis,
1388 4084 1532 4142 quos
1561 4084 1631 4121 ea
1652 4065 1867 4125 Iacobo
1895 4067 2101 4147 genuit
2114 4067 2189 4124 in
2217 4060 2410 4122 Mao-

101 4163 106 4174 '
200 4151 503 4249 potamia,
534 4149 670 4205 licet
698 4149 875 4205 ceteri
901 4147 1166 4224 deinceps
1206 4149 1270 4205 in
1304 4158 1463 4207 terra
1490 4146 1727 4207 canaan
1765 4152 1892 4207 nati
1934 4153 2072 4206 sint.
2146 4142 2411 4243 §mv-²²¹>

225 4246 314 4293 ππ
377 4230 584 4292 omn-'s
639 4233 870 4303 anima,
929 4233 968 4288 i.
1002 4252 1051 4288 e.
1091 4233 1317 4291 animae
1363 4232 1638 4306 filiorum
1665 4233 2053 4310 filiarumque
2094 4229 2229 4301 ejus
2270 4242 2409 4291 erat

200 4317 475 4393 triginta
501 4326 662 4376 eros·
639 4359 659 4394 ,
710 4317 959 4377 exclusis
985 4335 1064 4376 sc.
1092 4314 1186 4375 Er
1220 4327 1278 4378 et
1306 4314 1482 4406 Oqan
1500 4360 1521 4395 ,
1562 4329 1623 4378 et
1652 4326 1952 4398 numerato
1983 4314 2215 4375 meo.
2315 4361 2326 4373 .
