2711 4758
315 258 460 335 196
584 326 587 330 .
868 262 1156 331 Genea.
1250 256 1587 355 Cap.36‚
1638 262 1988 329 16—20.
2098 201 2122 219 s

484 448 582 507 16.
653 447 845 516 Quum
884 442 1188 528 phylarchi
1229 442 1335 505 Vs.
1379 441 1476 504 15.
1530 444 1629 504 16.
1681 444 1958 505 recensiti
1996 441 2347 503 conveniant
2396 453 2532 502 eum

315 553 421 594 sex
446 532 712 610 Eliphasi
751 532 926 603 filiis,
967 530 1065 588 Vs.
1101 533 1197 587 11.
1232 532 1329 587 12.
1372 532 1741 604 memoratis,
1784 531 1883 588 hic
1907 549 2049 589 vero
2078 529 2313 588 accedat
2344 527 2533 588 Cora·
2634 563 2639 564 ff

315 620 493 691 chus,
539 620 701 691 cujus
730 634 906 694 supra
946 616 1110 673 nulla
1153 616 1372 674 mentio
1402 614 1591 690 facta3
1655 617 1958 692 quaeritur
1976 657 1994 689 ,
2046 614 2200 672 unde
2230 615 2331 672 ille
2357 631 2531 689 super

313 723 618 763 numerum
645 701 902 759 filiorum
927 698 1191 776 Eliphasi
1218 700 1431 757 allatus
1457 697 1762 776 princeps?
1838 698 2207 766 Probabilem
2238 699 2531 772 conjectu·

315 808 444 848 ram
473 786 644 844 affert
684 783 746 843 C.
776 784 841 842 B.
868 783 1216 864 Micnasqs
1257 784 1321 840 in
1364 782 1524 841 Diss.
1551 783 1707 841 laud.
1751 784 1809 859 fi.
1844 784 1940 840 13.
1972 800 2028 860 p.
2055 784 2198 839 223.
2282 784 2368 855 ,,1
2392 781 2528 838 Par.
2584 777 2587 778 ⁷

317 875 380 946 l,
408 873 509 929 36.
548 870 688 928 filiis
717 868 1011 945 Eliphasi,
1051 888 1125 926 ex
1157 868 1371 925 Genesi
1405 868 1742 940 recensitis,
1783 847 2003 945 ptiriter
2040 869 2199 925 ultra
2228 883 2531 924 numerum

119 950 140 984 ·’
215 1024 222 1032 ,
315 976 355 1016 a
398 955 561 1015 Mose
616 954 998 1029 descriptum,
1061 953 1333 1027 adjicitur
1383 950 1671 1023 Thimna,
1743 972 1863 1012 non
1916 951 2354 1009 confundendus
2399 968 2532 1008 cum

315 1042 608 1110 Thiauna,
643 1041 849 1115 pellice
878 1036 1159 1115 Eliphasi:
1217 1036 1448 1093 «Potuit
1479 1056 1620 1116 ergo
1653 1037 1816 1111 fieri,
1867 1047 1936 1094 ut
1980 1039 2092 1094 iste
2121 1035 2408 1107 Thimua,
2448 1036 2528 1090 lia

315 1135 410 1183 cet
452 1125 828 1201 conjugatus,
885 1131 1079 1180 tamen
1131 1121 1444 1179 decesserit
1485 1122 1612 1178 sine
1639 1123 1837 1181 liberis
1855 1164 1873 1196 ,
1920 1123 2168 1200 omissus
2210 1120 2427 1177 idcirco
2448 1120 2530 1175 ‘in

315 1209 574 1269 Mosaiea
608 1207 863 1286 filiorum
895 1203 1156 1283 Eliphasi
1186 1205 1415 1280 tabula;
1464 1208 1659 1281 potuit
1685 1208 1822 1265 item
1851 1207 2013 1278 fieri,
2068 1215 2136 1262 ut
2163 1206 2374 1281 aliquis
2402 1201 2527 1259 fra-

314 1305 474 1351 trum
510 1289 890 1361 Thimnachi‚
946 1291 1384 1368 legeleviratus
1426 1288 1617 1370 (quae
1650 1292 1800 1368 apud
1831 1288 2191 1366 patriarchas
2221 1288 2341 1361 jam
2374 1286 2531 1344 obti-

209 1418 214 1421 .
313 1379 479 1449 nuit,
532 1377 648 1434 vid.
677 1376 781 1446 38,
821 1369 909 1452 8.)
947 1369 1183 1433 viduam
1212 1375 1333 1447 ejus
1373 1376 1644 1446 duxerit,
1699 1385 1758 1432 et
1789 1394 1863 1431 ex
1897 1394 1965 1431 ea
2002 1376 2065 1429 in
2094 1371 2350 1430 defuncti
2376 1368 2529 1428 Thi-

284 1460 543 1521 ⁴mnachi
575 1461 910 1520 memoriam
955 1449 1476 1538 filiumgenuerit,
1522 1456 1851 1516 Coroebum
1881 1459 2151 1526 nomine,
2200 1474 2237 1511 a
2269 1473 2383 1529 quo
2427 1472 2532 1513 or·

311 1556 441 1603 tum
481 1546 651 1602 duxit
678 1545 945 1619 princeps
981 1552 1040 1601 et
1073 1542 1296 1600 familia
1340 1539 1594 1600 Cor-aeli.
1664 1543 1832 1602 Alius
1876 1560 2051 1612 vero,
2105 1549 2166 1596 et
2194 1539 2265 1598 ab
2292 1536 2408 1596 hoc
2435 1537 2531 1597 di-

312 1648 516 1688 versus
550 1624 857 1685 cor-acleus
891 1639 1011 1701 est,
1053 1628 1122 1687 de
1155 1647 1269 1705 quo
1306 1626 1404 1684 Vs.
1440 1627 1576 1684 185⁶

488 1756 781 1812 17-19,
843 1752 1012 1813 Filiis
1058 1753 1332 1835 Reguelis
1381 1765 1665 1832 quatuor,
1731 1753 1830 1813 vn.
1865 1754 1961 1812 13.
2013 1752 2390 1826 memoratis,
2433 1770 2532 1812 rc-

312 1841 602 1920 sponelent
631 1849 882 1915 quatuor
914 1858 987 1896 ex
1021 1842 1095 1896 iis
1124 1841 1314 1897 tribus
1343 1839 1660 1914 oriundae,
1692 1831 1839 1917 quae
1867 1839 1978 1897 hoc
2006 1837 2104 1894 Vs.
2136 1846 2531 1896 recensentur.

314 1926 630 1986 Generatio
660 1924 837 1982 Esavi
864 1942 980 1982 non
1011 1925 1129 1981 nisi
1166 1926 1241 1982 ad
1282 1934 1520 2002 nepotes
1563 1944 1744 2004 usque
1785 1925 2119 1994 deducitur,
2151 1921 2306 1999 quod
2336 1921 2398 1979 hi
2425 1942 2532 2003 ge-

313 2013 476 2069 neris
502 2026 700 2064 eorum
728 2009 904 2081 primi
948 2017 1215 2064 auctores
1242 2007 1515 2080 fu‘erunt,
1547 2010 2013 2085 familiarumque
2044 2025 2112 2064 ac
2143 2006 2401 2064 tribuum
2429 2025 2530 2064 ca-

313 2097 438 2173 pita
476 2108 545 2147 ac
583 2107 865 2165 proceres.
918 2121 991 2132 —
1047 2092 1141 2145 18.
1184 2090 1364 2147 Esavi
1406 2110 1479 2147 ex
1508 2089 1855 2151 Oholibama
1880 2092 1991 2151 filii
2020 2092 2132 2168 ipsi
2174 2100 2242 2148 ut
2271 2092 2528 2149 tribuum

314 2179 508 2253 capita
531 2173 881 2244 referuntur,
921 2191 1099 2249 quum
1132 2171 1230 2229 Vs.
1263 2174 1360 2229 14.
1403 2175 1478 2230 iis
1509 2178 1658 2233 nulli
1686 2177 1797 2234 filii
1830 2181 2239 2256 assignentur,
2283 2175 2385 2232 ubi
2407 2174 2530 2233 vid.

313 2272 438 2321 not.
499 2291 572 2303 -
637 2259 732 2314 19.
778 2260 1045 2340 ἾΨξ-ἿΞΞ
1090 2250 1230 2342 Πῖξζζ
1287 2255 1381 2313 Ηί
1420 2267 1565 2317 aaut
1591 2260 1727 2338 filii
1767 2261 1990 2335 Esavi,
2024 2262 2086 2319 ‘i-
2122 2279 2172 2318 e.
2217 2277 2297 2318 ex
2335 2258 2529 2320 Esavo

315 2336 595 2426 prognati
621 2353 739 2401 tam
766 2341 908 2415 filii,
939 2323 1113 2420 quam
1144 2351 1400 2419 nepotes.

482 2473 583 2528 20.
660 2472 941 2549 Sequitur
981 2474 1327 2552 genealogia
1372 2471 1532 2533 Seiri
1577 2472 1859 2549 Choraei,
1933 2474 2034 2551 qui
2096 2484 2234 2531 ante
2272 2471 2527 2532 Esavum

312 2577 442 2617 eam
467 2558 804 2636 regionem,
845 2577 989 2635 quae
1020 2568 1220 2633 postea
1242 2558 1512 2616 Idumaea
1538 2570 1624 2617 est
1653 2570 1882 2637 vocata,
1923 2561 2130 2629 tenuit.
2194 2558 2318 2621 ’πῖ-ι
2343 2577 2378 2617 a
2409 2575 2525 2635 quo

315 2642 487 2719 nmi-
547 2638 872 2715 Charitao3
936 2645 977 2699 i.
1012 2654 1059 2699 e.
1110 2641 1524 2719 troglodytae,
1584 2644 1655 2701 ab
1706 2642 2102 2723 ingrediendis'
2148 2628 2353 2727 :fii-1,
2410 2644 2450 2700 i.
2475 2661 2527 2698 e.

313 2721 646 2809 τρώγλοις,
705 2728 1015 2799 cavernis,
1067 2746 1209 2804 quas
1262 2746 1405 2807 gens
1450 2729 1565 2785 ista
1604 2729 1668 2784 in
1709 2729 1891 2803 petris
1936 2731 2259 2787 excavavit.
2341 2730 2530 2798 Quam

311 2813 694 2883 sententiam,
744 2811 1078 2887 adoptatam
1117 2830 1342 2889 quoque
1385 2831 1422 2869 a
1452 2809 1516 2869 C.
1552 2811 1617 2869 B.
1647 2810 1996 2871 Micam-,ms
2035 2814 2099 2868 in
2127 2812 2285 2871 Diss.
2316 2813 2387 2871 do
2417 2829 2527 2869 an-

316 2897 557 2975 tiquiss.
591 2893 924 2952 Idumaeor.
951 2893 1167 2954 histor.
1197 2894 1254 2967 ξ.
1277 2895 1371 2953 15.
1412 2906 1471 2953 et
1499 2915 1534 2952 a
1559 2896 1683 2953 filio
1710 2894 1798 2954 Jo.
1830 2895 2091 2969 Davide‚
2129 2900 2191 2956 in
2221 2896 2526 2956 Couunen-

315 2991 423 3040 tat.
460 2981 530 3038 do
568 2978 956 3057 Troglodytis
999 2979 1056 3053 ξ.
1091 2981 1186 3052 2.,
1222 2980 1367 3036 illud
1399 2981 1736 3053 confirmat,
1776 2981 1931 3059 quod
1960 2980 2350 3058 Hieronymus
2380 2980 2525 3037 dicit

195 3057 216 3083 ⁵
316 3066 395 3123 ad
425 3064 607 3123 Obad.
650 3064 748 3121 Vs.
777 3068 865 3121 4.:
939 3062 1144 3123 Omnis
1177 3065 1471 3122 anstra't's
1500 3067 1669 3142 regio
1699 3061 2113 3123 Idumaeorum
2140 3064 2211 3122 do
2244 3059 2524 3120 Eleuthe-

312 3149 515 3226 ropoli
548 3166 730 3225 usquc
753 3147 997 3205 Petram
1027 3157 1088 3205 et
1124 3147 1337 3218 Ailam,
1383 3150 1447 3205 in
1474 3148 1762 3228 specubus
1787 3146 2293 3207 habitatiunculas
2321 3144 2527 3206 habet.

312 3228 401 3289 cf.
454 3243 514 3291 et
550 3232 683 3290 libr.
724 3243 908 3290 nostr.
933 3231 1007 3289 τί.
1059 3230 1188 3288 bibl.
1228 3231 1659 3290 Alterthumsk.
1696 3233 1769 3292 11.
1804 3234 1848 3294 1.
1894 3254 1950 3311 p.
1987 3234 2121 3289 126.
2159 3233 2303 3293 247.
2385 3231 2524 3305 „Et

187 3326 188 3331 ’
313 3312 563 3374 Choraei
591 3319 815 3392 quidem
834 3358 852 3389 ‚
893 3336 1065 3394 quum
1095 3314 1470 3375 Sehiritidem
1493 3320 1615 3391 jam
1642 3321 1785 3377 olim
1812 3330 2065 3394 tempore
2088 3313 2406 3376 Abraham
2435 3327 2524 3375 te-

311 3397 615 3479 nuissent,
657 3419 692 3456 a
723 3399 1159 3459 Cedorlaomero
1194 3410 1253 3459 et
1281 3399 1592 3459 foederatis
1619 3405 1852 3484 regibus
1886 3401 2037 3459 caesi
2066 3410 2267 3473 erant,
2314 3403 2415 3475 14,
2443 3403 2525 3476 6.,

311 3478 566 3541 schira:
606 3501 747 3542 vero
782 3486 1102 3561 quispiam,
1156 3488 1258 3561 qui
1287 3493 1545 3566 strage'm
1584 3490 1743 3560 illam
1785 3493 2083 3557 evaserat,
2122 3483 2522 3551 Chorseorum

309 3577 578 3648 gentem,
623 3587 769 3646 quae
810 3570 880 3627 ab
911 3569 1138 3629 excidio
1167 3567 1321 3627 haud
1367 3574 1569 3646 procul
1603 3571 1893 3642 abfuerat,
1933 3562 2438 3649 ἀνεζωπύρησεν,
2462 3574 2522 3630 e‘t

309 3654 474 3711 reiut
501 3670 575 3709 ex
605 3653 895 3734 cineribus
923 3657 1261 3712 suscitatam
1295 3654 1542 3728 refovit,
1582 3657 2075 3736 propagavitque,
2114 3657 2201 3713 ita
2226 3666 2295 3714 ut
2334 3652 2520 3733 Esayi

309 3746 570 3812 tempore
598 3742 659 3795 in
687 3739 981 3797 montanis
1015 3737 1351 3797 Sehiritidis
1396 3740 1763 3817 amplissimis
1790 3739 2308 3820 sedibus'gaudens
2345 3738 2520 3797 flore·-

185 3822 186 3825 ’
276 3830 419 3879 set.
502 3819 690 3896 Hujus
722 3814 908 3900 igitur
937 3820 1161 3881 Sebiris
1190 3822 1504 3897 familiam,
1551 3827 1613 3882 in
1647 3843 1761 3901 qua
1788 3843 1931 3904 gens
1961 3824 2352 3884 Choraeorum
2381 3842 2519 3900 pro-

308 3913 522 3985 pagata
554 3915 675 3979 est,
731 3906 1017 3964 describit
1034 3907 1225 3965 Moses
1262 3908 1360 3966 Vs.
1384 3911 1568 3967 20-
1588 3910 1690 3981 30,
1728 3922 1962 3987 propter
1992 3910 2261 3968 Esavum.
2343 3907 2521 3966 Hunc

308 3992 465 4046 enim
495 3987 742 4048 Choraei
769 3992 1124 4065 aliquamdiu
1153 4012 1281 4049 cum
1306 3993 1528 4065 familia
1555 3988 1909 4075 inquilinum
1941 3997 2270 4067 sociumque
2299 3990 2518 4049 babue-
2548 4066 2553 4069 Ἴ

304 4084 483 4147 runt,
524 4074 706 4133 donec
733 4076 1124 4132 simultatibus
1156 4078 1336 4152 ortis,
1387 4076 1677 4150 Idumaei,
1716 4076 1894 4136 Esavi
1938 4079 2188 4157 posteri,
2225 4064 2519 4135 Chorseos

305 4157 687 4232 debellarunt,
726 4161 794 4214 ac
820 4160 1117 4238 regionem
1157 4179 1357 4220 eorum
1388 4163 1502 4219 sibi
1533 4165 1674 4221 solis
1704 4164 2113 4233 vindicarunt3
2162 4158 2335 4220 Deut-
2360 4162 2422 4234 2,
2457 4159 2515 4217 6.

309 4242 410 4296 12.
440 4243 582 4298 22.“
664 4240 727 4299 C.
767 4240 835 4298 B.
881 4241 1228 4303 Mlcflanus
1273 4247 1334 4302 in
1367 4244 1524 4320 Diss.
1559 4248 1711 4304 laud.
1797 4255 1992 4333 ''Qus-'t
2033 4246 2186 4325 ’3125'
2240 4239 2517 4309 *Habita-

307 4329 472 4383 toru
517 4335 720 4387 torrae
747 4326 907 4386 illius
921 4369 942 4404 ‚
998 4330 1037 4386 i.
1069 4348 1116 4388 e.
1167 4332 1268 4409 qui
1300 4332 1458 4392 illam
1491 4326 1791 4413 regionem
1816 4316 1952 4393 aut'e
1963 4312 2298 4393 'edwinum
2331 4328 2515 4390 Emi
2637 4346 2661 4355 ⁶
